3014 5008
224 275 267 339 78

225 456 321 516 torem
342 450 372 512 ln
394 465 449 510 usu
469 449 547 510 erat.
592 443 706 514 (inlinit
726 445 857 526 Syriaee
877 446 967 514 ιιιιιι
990 439 1197 526 llplphanles,
1219 459 1306 526 quem
1331 441 1418 504 llie—

223 572 366 634 ronymus
388 552 417 612 ln
436 549 518 630 epol.
540 548 611 616 adv.
625 549 697 612 lini.
716 550 947 632 naerdyioreov
961 551 1073 626 voeat,
1094 545 1265 624 linguarum
1280 545 1416 625 periture
1488 585 1489 644 p

224 657 405 730 Hebraieae,
420 652 581 731 Syrlaoae,
594 649 826 733 Aegyptiacae,
838 652 977 720 Graecae
993 648 1168 714 etLatlnae.
1191 647 1318 710 Omnino
1332 665 1415 728 per·
1488 691 1489 736 ,

223 758 307 820 mulii
322 754 479 832 degebant
494 754 523 814 in
543 752 759 836 Cypro.Syri,
781 756 892 838 quihus
906 755 998 818 etiam
1017 751 1154 833 episcopi
1177 767 1219 812 ex
1233 749 1327 830 Syria
1348 769 1413 814 non

222 877 293 920 raro
324 857 538 938 praetulerunt,
576 859 701 938 etipse
725 856 912 938 Epiphanius
936 858 970 918 et
990 855 1157 935 Spiridion
1200 851 1276 916 item
1305 853 1414 916 laedat

172 986 177 994 ·
224 959 353 1024 lacobus
377 959 552 1020 Edesseeos
576 962 756 1022 orationem
764 960 924 1040 Syriaeam
949 975 968 1020 a
991 957 1120 1037 Proeto,
1148 955 1232 1018 urbis
1254 956 1411 1018 euiusdam
1488 1021 1489 1026 χ

224 1061 322 1143 Cy'pri
349 1063 497 1142 episeopo
529 1060 576 1142 (a.
607 1060 708 1144 1186),
738 1064 945 1144 oompesitam.
952 1035 1145 1142 Quumque
1167 1057 1277 1120 Oriens
1298 1061 1413 1138 postea

223 1167 252 1228 in
289 1165 440 1236 laetienes
480 1165 599 1226 divisus
629 1168 733 1244 esset,
769 1167 835 1226 tres
863 1162 962 1245 Cypri
994 1167 1099 1244 partes
1128 1161 1287 1240 Syriaeue
1320 1161 1410 1222 ritum

224 1267 384 1348 amplexae
410 1269 497 1346 eunt,
529 1268 661 1328 nimirum
686 1267 877 1346 Maronitae,
901 1266 1056 1330 leeo'eitae
1080 1269 1112 1328 et
1135 1264 1328 1343 Nestoriani,
1358 1264 1411 1344 qai

223 1389 298 1432 suos
325 1367 433 1430 ibidem
460 1371 624 1453 episeopus
651 1368 805 1432 habebant
820 1366 862 1452 ¹).
887 1364 970 1454 Quo
1000 1369 1128 1450 propius
1156 1369 1256 1429 autern
1287 1367 1413 1430 aeeedis

224 1472 262 1536 ad
283 1469 486 1552 Euphratem,
524 1492 561 1536 ιι
596 1473 786 1554 frequentior
822 1476 952 1552 apnparet
981 1470 1132 1564 Syriaeae
1168 1469 1293 1546 linguae
1322 1485 1411 1548 esus,

223 1593 283 1640 nun
311 1573 407 1636 solum
429 1573 591 1656 Palmyrae
621 1576 692 1638 et
683 1593 713 1636 ιι
737 1573 919 1653 solitudine,
954 1591 1032 1668 puae
1059 1573 1239 1642 Damaseum
1266 1571 1345 1632 inter
1376 1576 1414 1633 et·
1489 1623 1490 1634 ,

224 1676 411 1754 Babylonem
437 1674 500 1738 late
528 1679 635 1756 patet,
668 1677 733 1738 sed
755 1677 845 1738 etiarn
873 1675 901 1735 in
934 1669 1159 1754 Commagena,
1188 1674 1273 1736 euius
1301 1675 1411 1753 partes
1489 1725 1490 1730 ,

224 1777 262 1840 ad
285 1773 469 1862 diaphoniam
496 1777 575 1838 sitae
605 1777 666 1840 illis
691 1779 877 1858 temporibus
899 1777 977 1840 satis
993 1775 1168 1858 populosae
1187 1779 1276 1838 erant
1295 1777 1326 1838 et
1344 1791 1411 1856 op-

224 1879 304 1960 pidis
334 1877 487 1957 refertae,
518 1875 609 1942 hodie
639 1879 715 1942 solis
740 1885 827 1944 aestu
852 1883 1047 1961 etaqnarum
1069 1878 1187 1959 iuupla,
1216 1877 1413 1958 quammulta

223 1981 305 2042 edsit
334 1977 481 2041 homiuum
511 1999 604 2062 eura,
639 1983 793 2046 solitudini
821 1985 970 2064 aequatae
983 1975 1026 2062 ²).
1071 1981 1120 2046 lix
1147 1981 1256 2061 quibus
1275 1981 1413 2046 omnibus

224 2083 300 2144 satis
329 2083 460 2146 evictum
492 2087 559 2162 est,
593 2101 651 2146 nun
681 2087 725 2148 iia
742 2085 864 2166 ubique
894 2088 924 2146 in
953 2073 1067 2165 Syriae
1094 2083 1232 2164 partibus
1261 2080 1409 2146 Graecam

224 2185 359 2262 lingnam
389 2185 487 2246 iuuisse
515 2185 651 2248 omnibus
685 2188 857 2268 eugelium,
881 2189 949 2270 quin
975 2186 1226 2267 interpretatione
1246 2184 1410 2246 bibliorum

225 2287 343 2364 Graece
369 2286 550 2366 scriptorum
583 2307 661 2368 epus
690 2289 795 2352 luerit·
839 2289 941 2352 Nihilo
961 2283 1064 2352 seclus
1090 2288 1145 2350 vix
1167 2286 1256 2350 nobis
1277 2305 1413 2366 persee-

224 2391 298 2454 dere
316 2407 496 2471 possemus,
523 2393 557 2452 ut
575 2389 688 2474 ltidleli
711 2373 883 2464 sententiae
906 2389 1052 2456 caleulum
1075 2389 1267 2468 adiiciamus,
1292 2389 1410 2452 Antio-

225 2493 310 2556 ιιιιι
331 2492 520 2554 versionem
528 2465 709 2574 Simplioeea.
718 2495 870 2576 seriptum
890 2512 962 2556 esse
976 2488 1025 2575 ³),
1051 2490 1098 2554 his
1117 2492 1312 2581 potissimam
1328 2492 1411 2556 dueti

225 2594 425 2674 argumentis.
468 2593 500 2676 l)
520 2593 555 2658 ln
579 2596 704 2681 oppidis
721 2597 883 2658 maioribus
899 2594 1018 2658 Graeca
1040 2594 1148 2672 lingna
1171 2593 1299 2656 obtinuit
1319 2599 1411 2656 ιιιιι-

225 2715 284 2778 que
316 2697 443 2757 maxime
472 2697 566 2774 regio.
595 2697 701 2760 Libani
739 2702 879 2760 montosa
912 2701 944 2758 et
981 2697 1134 2784 desertum
1160 2697 1289 2776 Syriae,
1323 2697 1411 2758 eaius

225 2799 342 2863 incolae
365 2799 495 2879 Syriaco
526 2799 770 2884 loquebantur
761 2801 842 2882 rique
873 2799 1061 2880 potissimum
1092 2799 1230 2870 rudiores
1253 2801 1286 2862 et
1309 2817 1409 2876 agre-

224 2909 302 2966 stes.
349 2899 479 2964 Constet
507 2905 608 2964 artem
634 2896 785 2982 prioribus
814 2901 1002 2982 temporibus
1031 2903 1061 2964 lu
1089 2901 1210 2982 oppidis
1235 2902 1302 2962 iere
1332 2902 1411 2962 solis

224 2995 375 3068 eeel'esias
406 3007 585 3066 exstructas
609 3005 723 3084 luisse,
758 3007 788 3066 in
812 3005 919 3088 quibes
941 3003 1131 3090 auscultandi
1153 3002 1286 3068 leonitas
1307 3024 1410 3085 pago-

223 3125 287 3170 rum
311 3099 403 3178 simul,
420 3105 527 3166 ineolis
551 3109 659 3186 parata
678 3109 745 3170 erat
765 3108 794 3168 in
808 3107 901 3170 nrbes
914 3106 1027 3188 passim
1041 3105 1270 3170 continentibus.
1312 3107 1410 3170 Perre

230 3251 440 3270 W

331 3387 362 3457 1)
381 3369 427 3441 'C'l
453 3389 480 3440 in
506 3365 573 3441 neiis
601 3390 709 3442 eoneilii
732 3389 882 3444 Florentinl
908 3393 970 3457 epp.
987 3385 1102 3460 Eugenii
1127 3387 1163 3444 lv
1185 3390 1220 3444 ed
1243 3389 1309 3444 deus
1329 3391 1411 3462 Cypri

224 3471 453 3544 erelniepiseopos.
489 3471 597 3527 Deeimo
624 3472 710 3527 adhue
736 3473 845 3529 saeeulo
871 3473 898 3525 in
926 3471 1013 3542 Cypro
1034 3473 1123 3526 insule
1140 3472 1208 3543 Syre
1228 3473 1322 3546 lingue
1340 3481 1408 3530 sori-

224 3559 353 3623 bebeiur‚
385 3557 433 3612 aed
461 3572 531 3628 queo
551 3561 604 3612 iarn
628 3563 781 3629 speritate
801 3573 851 3613 ιιι
868 3555 1028 3623 deflexerat,
1054 3563 1083 3611 ut
1101 3559 1213 3627 exempli
1229 3573 1313 3614 nense
1331 3561 1409 3614 lemi-

223 3648 313 3698 ninmu
330 3657 416 3714 gener
434 3658 484 3712 pro
504 3639 650 3698 mustelino
669 3643 815 3700 dieeretar.
846 3643 949 3698 Arsen.
966 3641 988 3696 l.
1006 3659 1031 3712 p.
1050 3637 1112 3701 307.
1128 3643 1164 3698 ιιι
1179 3643 1239 3698 eud.
1257 3641 1316 3713 Syr·
1333 3641 1395 3698 vll.

272 3795 274 3802 .
325 3745 358 3812 2)
381 3743 424 3799 cl.
448 3741 576 3814 lilonnert
595 3741 656 3800 Thl.
678 3743 723 3799 vl.
740 3743 779 3798 ll:
792 3751 817 3799 1.
836 3756 899 3813 pag.
920 3745 981 3800 521.
1017 3739 1213 3812 Chalybonitis.
1247 3739 1322 3807 „lio
1341 3743 1411 3814 Jetrt

223 3832 324 3899 ewiger
343 3828 415 3904 send
442 3827 484 3882 die
510 3827 591 3884 diere
610 3825 719 3899 Gegend
745 3825 838 3890 deebi,
866 3826 957 3882 lohuie
976 3829 1010 3880 im
1031 3822 1190 3882 Perrisehen
1206 3826 1337 3886 Zeitalter
1355 3831 1409 3882 rei·

223 3909 287 3963 eher
305 3909 458 3964 lleberlless
477 3911 528 3966 den
546 3911 632 3966 Fleiss
652 3913 699 3966 des
716 3911 895 3978 Bebrohner53
920 3910 1064 3978 laehende‚
1092 3913 1139 3964 mii
1155 3911 1272 3966 Beneuen
1289 3911 1410 3968 beselnte

222 3994 322 4049 Fleren
339 3995 459 4049 bildeton
477 3995 611 4051 heruliehe
629 3995 787 4066 Landgirter
804 3995 857 4050 end
877 3991 1006 4050 Geirtenf‘
1041 3993 1242 4050 Berehherdtus
1263 3993 1348 4060 (inber
1365 3995 1409 4049 die

222 4079 361 4134 Beduinen
385 4097 410 4135 ι.
429 4077 505 4136 reah.
523 4095 587 4152 pag.
605 4081 668 4147 81)
684 4087 794 4147 narret,
821 4084 849 4134 in
868 4079 975 4134 deserto
994 4078 1090 4148 Syriae
1107 4081 1236 4149 plurimas
1255 4093 1315 4133 esse
1333 4082 1409 4134 viee·
1490 4099 1491 4108 ¹

222 4180 279 4217 rum
298 4165 444 4234 reliquias
467 4168 495 4219 ιι
513 4167 610 4237 quibus
626 4166 730 4220 Arabes
749 4172 868 4220 mortuos
886 4165 1002 4234 sepelire
1022 4165 1137 4220 soleant.

326 4262 413 4333 3)lle
418 4263 593 4348 ‚hniioeheno
614 4263 761 4333 inteiprete
773 4265 809 4320 el.
823 4260 997 4326 ementiore
1010 4261 1246 4335 aLaprdopraei
1261 4259 1407 4318 ledentat

221 4346 304 4404 Thea.
322 4327 447 4408 timbron.
464 4349 564 4406 introd.
582 4362 645 4419 pag
663 4352 707 4408 96.
