2974 5012
181 255 205 325 8

1465 345 1467 400 l

186 411 355 512 supersunt
373 428 406 490 et
422 423 536 506 partlm
561 420 670 483 dorent
691 418 917 500 antiquissime
932 414 1151 478 Aramaeornm
1167 412 1279 496 nrbes,
1300 412 1372 474 lla-
1466 479 1467 488 χ

186 531 267 596 math
288 522 509 612 (epiphania),
539 523 726 602 Damascus,
754 521 916 600 Palmyra,
937 518 1076 596 lldessa,
1099 517 1220 593 Harae,
1242 512 1372 592 Nisibis,

1465 513 1467 582 l

187 634 333 718 quamvis⁸
359 631 529 690 innumeras
555 625 736 707 pertulerint
766 622 956 686 vastationes
984 623 1017 681 et
1049 622 1200 700 expertus
1234 617 1295 680 sint
1322 618 1373 678 tot
1467 682 1468 694 ,

189 737 354 814 tantasque
392 745 491 790 rerum
521 727 767 807 vicissitudines,
810 741 884 807 quas
917 723 1014 784 altera
1042 721 1099 782 vix
1130 719 1193 822 ulls
1223 721 1372 783 terrarum

188 836 286 918 plaga
309 824 444 895 viderit?
496 831 612 894 atenim
638 831 730 892 insita
751 828 896 910 quaedam
917 828 967 888 est
988 823 1057 886 huie
1077 823 1198 904 regioni
1218 825 1372 902 opportu-

187 938 269 999 nitas
297 940 331 999 et
358 933 529 1008 necessitas
559 932 695 994 omnihus
727 931 914 1012 temporibus
939 928 1071 990 emicans
1091 926 1200 988 iterum
1219 924 1372 1002 etreiul-

190 1055 283 1116 gons.
332 1034 461 1098 Scilicet
478 1034 576 1098 locum
599 1035 725 1097 medium
749 1027 1158 1110 tenebant.Aramaci.inter
1181 1031 1299 1104 gentes
1315 1026 1372 1097 lit-
1467 1099 1468 1104 ἵ

188 1141 266 1212 teris
296 1137 474 1219 artibusque
500 1138 629 1200 maxime
663 1136 803 1198 excultas
825 1140 858 1198 et
886 1134 973 1211 illas,
1002 1147 1081 1211 quae
1101 1130 1193 1209 plane
1220 1129 1312 1190 rudes
1337 1132 1372 1191 et

189 1241 340 1305 hederae
370 1239 482 1302 inerint
489 1260 499 1314 3
533 1241 724 1318 attingentes
750 1240 827 1300 enim
854 1235 1060 1316 Babylonios,
1090 1231 1277 1311 Phoenices,
1302 1230 1373 1292 lle-

190 1343 322 1423 lnraeos,
353 1343 465 1423 postea
488 1341 626 1406 Graecos
647 1345 679 1406 et
705 1337 878 1416 Romanos,
909 1336 1102 1418 pertinebant
1123 1352 1223 1416 usque
1244 1333 1283 1396 ad
1303 1332 1372 1394 Ar·
1467 1339 1468 1360 ¹

192 1447 327 1525 menica,
351 1444 484 1524 Persas,
514 1445 656 1522 Aralnes,
686 1441 764 1504 alios
787 1441 883 1504 Asla'e
904 1439 1058 1500 interioris
1081 1437 1224 1518 populos.
1271 1436 1372 1522 Quare

194 1565 271 1630 quaa
292 1545 408 1608 abillis
431 1549 617 1628 acceperant
635 1546 775 1623 litteras,
796 1546 898 1621 artes,
919 1559 1036 1618 mores,
1058 1540 1279 1618 institutiones,
1302 1543 1372 1600 na-

192 1647 333 1710 diderunt
361 1647 508 1724 gentihus
538 1649 647 1712 viclnls
680 1650 713 1710 et
744 1643 975 1720 remotioribus,
1016 1642 1060 1704 ita
1082 1641 1222 1705 nt'rccte'
1243 1640 1372 1720 dixeris,

193 1748 411 1834 Aramaeornm
439 1752 549 1812 terram
576 1755 609 1814 et
637 1750 772 1828 linguam
801 1733 881 1808 ulam
904 1745 990 1827 quasi
1011 1748 1044 1808 et
1070 1743 1238 1808 velloulum
1265 1744 1374 1825 inisse,

192 1867 252 1932 quo
277 1848 354 1911 Asia
381 1850 476 1913 minor
498 1855 532 1914 et
549 1851 628 1916 Asia
657 1853 800 1928 interior,
835 1846 1006 1927 Aegyptus
1029 1851 1063 1910 et
1081 1847 1268 1927 Babylonia,
1306 1845 1373 1910 Oc-

194 1950 297 2014 cidens
321 1949 449 2034 denique
471 1958 504 2018 et
522 1953 632 2017 Oriens
657 1955 736 2017 inter
755 1971 790 2013 se
810 1954 911 2013 mutuo
931 1951 1107 2012 commercio
1130 1963 1228 2011 rerum
1251 1966 1373 2010 suarum

195 2055 312 2134 copiam
337 2056 591 2136 permutaverint.
648 2054 838 2119 Obsidebant
866 2053 941 2114 enim
969 2051 1065 2115 Asiae
1094 2039 1204 2113 'aditum
1230 2052 1375 2114 Arenaci

192 2155 421 2237 Euphratirque
441 2159 606 2237 transitus,
636 2159 746 2240 qulbus
766 2155 901 2218 omnibus
920 2155 1060 2218 utendum
1084 2157 1149 2232 est,
1177 2154 1228 2234 qui
1252 2172 1316 2216 cum
1333 2171 1375 2214 ex

194 2257 321 2320 Oriente
351 2257 385 2319 in'
408 2256 602 2321 Occidentem
633 2263 694 2322 tum
720 2277 763 2319 ex
791 2256 957 2324 Occidente
990 2259 1019 2319 in
1047 2257 1201 2338 Orientem
1230 2258 1375 2336 pergant.

194 2359 386 2456 Aegyptiis,
416 2359 544 2424 Graecis
574 2362 607 2422 et
636 2361 779 2422 Romanis
808 2359 1002 2422 advehebant
1028 2359 1103 2439 Syri
1132 2377 1249 2440 equos,
1291 2376 1375 2420 mer-

196 2478 267 2542 oes,
297 2462 416 2524 fructus
436 2465 468 2526 et
485 2461 611 2526 delicias
635 2461 787 2543 Orientis,
824 2462 942 2526 illorum
966 2463 1073 2526 iterum
1094 2479 1145 2524 rer
1166 2461 1294 2524 bellicas
1315 2479 1377 2524 non

194 2564 291 2626 minus
318 2583 405 2646 quarn
439 2565 522 2624 artes
541 2561 684 2626 humanas
705 2570 737 2628 et
759 2565 904 2631 liberales
925 2566 962 2628 ad
984 2564 1081 2626 Asiae
1101 2565 1376 2646 extrennas‘usquc

194 2664 309 2748 plagas
337 2665 551 2746 propagaturi.
606 2667 702 2729 Simul
739 2669 816 2730 enim
850 2687 888 2732 ea
922 2669 1010 2730 animi
1047 2667 1261 2749 pronutitudine
1289 2671 1378 2730 erant

195 2765 358 2847 Arenaci,
393 2769 433 2850 nt
462 2784 539 2849 quae
559 2767 649 2832 facile
670 2771 708 2834 alr
731 2771 799 2834 allis
822 2771 976 2836 discentes
997 2789 1081 2832 suum
1105 2771 1136 2830 in
1159 2789 1244 2832 usum
1266 2774 1377 2834 verte-

196 2872 281 2951 rant,
315 2869 421 2931 eadem
449 2871 590 2952 protinus
612 2873 679 2935 aliis
701 2858 873 2954 traderent,
897 2877 994 2954 etiarn¹
1008 2875 1045 2934 iis
1067 2891 1101 2934 se
1123 2873 1326 2952 insinuantes,
1357 2891 1376 2935 a

196 2973 306 3058 qulbus
328 2990 546 3055 maxumopere
570 2973 800 3057 abhorrebant,
822 2977 963 3058 discipuli
984 2976 1111 3040 omnium
1136 2975 1285 3058 iidemque
1308 2995 1376 3038 ma-

159 3162 165 3178 l
198 3073 301 3152 gistri.
343 3071 409 3134 Sed
429 3078 462 3138 et
484 3076 564 3136 alind
585 3077 732 3158 quoddam
752 3097 811 3141 non
833 3080 1086 3160 praetereundum
1107 3082 1164 3142 est.
1209 3077 1375 3140 liratenim

199 3177 301 3242 terrae
327 3191 440 3251 magna
467 3194 541 3257 pars
570 3179 740 3261 foecunda,
770 3179 937 3261 uberrima,
967 3181 1076 3261 plana,
1105 3197 1235 3260 aquosa,
1260 3179 1376 3240 referta

199 3275 321 3357 oppidis
351 3278 396 3336 et·
413 3276 492 3340 vicis
499 3298 510 3351 3
550 3279 606 3341 sed
633 3299 731 3363 neque
756 3285 872 3345 montes
894 3284 926 3344 et
949 3282 1071 3344 deserta
1099 3279 1240 3355 deerant,
1254 3335 1257 3342 ,
1273 3295 1375 3342 eorum

198 3395 359 3458 recessus,
388 3379 497 3460 quibus
519 3381 655 3462 tempore
673 3384 773 3466 iniquo
796 3403 837 3446 ex
859 3383 983 3444 urbibus
1003 3379 1178 3458 fugiendum
1203 3381 1280 3441 erat.
1330 3379 1377 3442 lta

199 3478 322 3542 levitati
348 3477 567 3545 Aramaeornm
594 3485 689 3548 mixta
714 3485 831 3548 init'ea
851 3486 935 3546 vitae
957 3483 1110 3544 severitas
1131 3482 1377 3543 consuetudinis-

200 3597 259 3664 que
282 3583 452 3646 constantla
475 3586 507 3647 et
527 3585 714 3669 aequalitas,
742 3603 819 3668 quae
841 3585 981 3646 montium
1000 3586 1031 3645 et
1046 3583 1161 3644 deserti
1177 3581 1284 3646 ineolis
1300 3601 1378 3664 pro-

199 3684 267 3764 pria
295 3686 359 3765 est,
397 3687 441 3747 ita
469 3689 503 3752 nt
525 3688 576 3750 uini
598 3689 719 3772 perdita
739 3689 795 3750 iam
817 3687 849 3747 et
870 3686 1023 3747 exstincta
1047 3683 1209 3748 videbatur
1230 3685 1379 3766 Syrorum

198 3783 306 3861 lingua
334 3789 368 3848 et
392 3788 492 3867 natio,
520 3807 563 3851 ex
590 3791 754 3854 solitudine
774 3793 807 3852 et
825 3787 951 3852 latibulo
975 3789 1123 3852 recreatis
1143 3789 1260 3852 viribus
1280 3789 1380 3856 denuo

199 3887 380 3950 surrexerit.

303 3987 345 4050 Ut
373 3993 471 4052 autem
498 3991 588 4056 brevi
613 4009 692 4076 qnae
713 3992 801 4054 modo
823 3991 973 4072 diximus,
1003 4009 1258 4073 consummemus,
1291 3993 1381 4058 medii

201 4083 426 4156 intercedentes
457 4092 601 4157 Anamaci
637 4095 716 4156 inter
744 4095 970 4156 diversissimas
999 4099 1131 4175 gentes,
1170 4099 1380 4177 mercatorum,

202 4189 419 4276 interpretum,
448 4197 616 4259 nuntiorum
637 4214 742 4258 munus
762 4197 885 4260 obibant
906 4199 984 4260 inter
1004 4198 1158 4262 Orientem
1179 4201 1211 4260 et
1225 4197 1381 4261 Occiden-

205 4293 285 4366 tem;
321 4299 413 4380 atque
439 4298 520 4383 qnod
549 4295 717 4362 Phoenices
739 4300 790 4362 via
811 4301 900 4362 auaris
922 4289 1085 4382 calebant,
1115 4300 1192 4363 idenr
1216 4303 1281 4362 lere
1308 4300 1382 4362 olii-
