3014 5008
223 262 269 330 96

224 457 287 502 rum
326 438 395 498 sive
422 433 601 500 Parthorum
638 438 741 502 socios
770 437 798 498 si
827 439 922 516 miuus
942 436 1095 536 satrapas
1126 433 1243 497 dixeris
1278 433 1416 506 rectius3

223 540 362 621 Elymaei
393 557 514 620 quoque
533 538 708 602 libertatem
734 539 905 624 tuebantur.
950 524 1114 617 Euphratis
1137 525 1288 598 inferioris
1312 553 1413 598 acco-

222 645 272 706 lae
300 644 387 704 crant
406 639 509 702 ludaei
531 658 549 700 a
570 641 861 712 Nebueaalneuare
852 661 882 702 m
903 641 1028 721 aprilium
1050 638 1172 702 0220022
1195 638 1310 700 medios
1329 639 1413 702 inter

223 745 346 808 Arabes
365 743 434 804 rive
455 737 763 824 8ιο002ιιο0200200,
793 763 869 826 quae
892 744 981 836 regio
1005 760 1023 802 ιι
1046 740 1214 806 latronibus
1235 738 1314 804 haud
1336 760 1410 806 raro

221 847 410 914 turbabatur.
455 843 594 922 Babylon
608 845 952 933 Parthorumsatrapam
965 844 1081 910 natue
1125 843 1269 906 Seleucia
1291 844 1329 906 ad
1347 841 1409 906 'Pi-

222 953 301 1030 grim
329 948 469 1028 „civitae
500 951 630 1028 potens,
654 931 693 994 -’-
716 951 750 1010 ut
765 948 877 1022 «Taciti
905 949 1011 1024 verbis
1037 949 1105 1010 utar
1128 979 1169 992 -
1191 949 1281 1028 septa
1316 949 1410 1010 muris

221 1069 318 1134 neque
337 1053 367 1112 in
382 1049 560 1130 barbariem
584 1053 820 1131 corrupta,.sed
841 1051 1005 1116 conditoris
1023 1049 1148 1116 Seleuci
1165 1048 1318 1122 retinens3
1338 1052 1406 1110 tre-

215 1155 301 1219 centi
324 1153 432 1233 opibus
454 1156 507 1214 aut
529 1153 678 1232 sapientia
700 1152 811 1216 delecti
832 1158 866 1220 ut
886 1156 1022 1216 senatus.
1064 1151 1130 1216 Sua
1154 1151 1269 1232 populo
1284 1153 1351 1231 vis,
1375 1157 1407 1215 et

221 1257 341 1339 quoties
379 1255 551 1321 concordes
581 1259 696 1334 agunt,
738 1258 891 1336 spernitur
928 1251 1120 1317 Parthus.“'
1155 1253 1226 1318 Sub
1264 1253 1407 1316 Vardaue

221 1382 240 1424 a
261 1355 382 1422 Parthis
402 1361 586 1439 expugnatu
607 1361 672 1436 est,
692 1377 789 1440 quum
809 1377 870 1450 sex
890 1375 998 1424 annos
1005 1357 1197 1420 restitisset.-
1227 1355 1278 1420 Ab
1298 1358 1405 1418 eodem
1486 1411 1487 1420 ,

221 1451 362 1526 Vardane
392 1456 472 1541 (42.
480 1481 512 1542 ιι.
540 1458 630 1554 Chr.)
654 1462 801 1538 conditam
824 1479 896 1524 esse
918 1460 990 1522 dicit
1011 1459 1186 1522 Ammianus
1207 1457 1405 1522 Marcellinus

221 1563 483 1654 Ctesiphontem,
502 1583 617 1644 pagum
644 1565 760 1628 tribus.
750 1551 888 1626 milibus
917 1582 934 1622 a
964 1533 1109 1636 Seleucia
1140 1563 1318 1642 distantem,
1348 1562 1405 1622 sed

220 1667 395 1750 antiquior.
392 1683 409 1724 0
425 1666 579 1746 plerisque
601 1669 685 1728 reete
701 1665 841 1728 habetur.
886 1664 992 1742 Pagus
1005 1663 1054 1744 hic
1067 1666 1212 1726 unanimus
1226 1664 1405 1729 Parthorum

222 1771 304 1832 urbis
334 1767 469 1862 potentia
498 1760 535 1828 02
562 1739 768 1846 maguitudino
795 1767 852 1828 luit
877 1763 1048 1849 [Strabone
1070 1771 1182 1849 teste),
1211 1785 1304 1850 quum
1319 1767 1403 1828 Par-

221 1874 338 1938 thorum
368 1868 592 1932 multitudinem
611 1874 643 1933 et
664 1873 876 1954 apparatum
852 1875 977 1932 emnem
998 1873 1152 1966 reciperet
1174 1891 1210 1976 ae
1231 1869 1351 1934 venalia
1371 1874 1406 1934 02
1487 1909 1488 1946 ι

219 1973 395 2040 uce'essaria
416 1972 544 2036 artificia
565 1975 788 2055 suppeditaret
792 1969 833 2054 ¹]-

325 2077 410 2155 Quae
436 2063 605 2146 litterarum
631 2075 762 2140 conditio
792 2075 886 2150 luerit
913 2074 965 2136 illo
998 2076 1134 2154 tempore
1159 2076 1239 2156 apud
1261 2075 1405 2154 Parthos,

220 2165 383 2248 Arnienms
407 2181 439 2242 02
461 2177 704 2257 Mesopotamiae
724 2177 857 2255 incolas,
883 2179 971 2270 patet
992 2179 1110 2256 exiis,
1144 2197 1223 2272 quae
1241 2178 1405 2260 Appianas

221 2287 259 2348 de
289 2281 391 2344 Orode
420 2278 597 2340 Parthorum
630 2297 708 2357 rege
740 2282 773 2341 ct
800 2277 953 2342 Artabane
976 2278 1119 2342 Armenio
1143 2282 1243 2344 tradit.
1280 2281 1404 2342 ditenim

220 2407 309 2470 quum
340 2384 432 2461 caput
466 2378 571 2443 Crassi
601 2367 686 2475 esset
710 2380 939 2462 Ctesiphontem
970 2383 1008 2443 ad
1036 2383 1122 2448 toras
1149 2381 1237 2444 aulae
1267 2381 1403 2460 allatum,

219 2489 311 2552 lason
340 2483 510 2561 tragoedus
539 2483 648 2546 cecinit
680 2502 722 2560 ex
745 2483 897 2564 Euripidis
918 2483 1045 2550 Bacchis
1069 2503 1188 2548 caranen
1214 2484 1251 2546 de
1271 2483 1402 2564 Agave.
1489 2516 1490 2524 ι

219 2589 346 2654 Omnino
383 2581 591 2649 in.Parthiam
625 2585 746 2648 invecta
782 2589 871 2648 erant
909 2589 1081 2650 acroamata
1109 2585 1245 2667 Graeca,
1281 2585 1401 2650 Orodes

123 2750 135 2771 ,
219 2683 403 2755 Graecarum
430 2688 596 2749 litterarum
619 2689 734 2748 miniano
757 2687 842 2748 rudis
867 2692 950 2763 erat,
983 2691 1015 2749 02
1034 2685 1225 2770 Artabazes,
1253 2706 1312 2758 rex
1335 2688 1402 2750 Ar-

219 2795 360 2873 meniae,
387 2788 565 2868 tragoedias
593 2789 662 2869 ipse
683 2789 867 2870 scripserat,
900 2791 1052 2852 orationes
1074 2793 1106 2852 02
1126 2789 1288 2872 historias,
1320 2799 1401 2871 qnat-

218 2916 281 2960 rum
305 2893 465 2958 nonnullae
490 2889 623 2972 Appiani
648 2895 784 2971 tempore
806 2892 1019 2954 servabantur.
1061 2891 1135 2953 Erat
1154 2890 1202 2954 220
1224 2891 1401 2956 Artabazes

218 2998 296 3059 tilius
325 2995 472 3071 Tigranis
501 3011 601 3074 supra
622 2992 737 3066 laudati
766 2989 977 3084 (Artavasdes
1007 2971 1083 3075 222,
1123 2995 1172 3074 qui
1202 2994 1240 3056 ab
1263 2993 1399 3056 Antonio

216 3083 327 3178 captus
353 3099 463 3174 postea
492 3096 522 3154 in
545 3093 693 3173 triumpho
719 3095 758 3158 ad
781 3093 976 3176 Cleopatram
999 3095 1106 3158 duetus
1129 3098 1187 3157 est.
1230 3095 1399 3160 Arsacidas

218 3216 320 3262 omues
336 3199 366 3257 in
381 3197 504 3256 numanis
519 3213 554 3255 se
569 3196 743 3275 potuitquae
756 3215 958 3277 nuncupasse,
974 3199 1051 3260 satis
1063 3200 1180 3272 nohum3
1201 3202 1267 3260 erat
1279 3200 1399 3262 omnino

217 3302 361 3381 frequens
391 3296 505 3376 apud
497 3314 583 3377 ipsos
612 3295 750 3359 Graecae
778 3298 904 3376 linguae
937 3317 1026 3378 usus,
1055 3301 1241 3381 frequentior
1263 3298 1378 3360 idem
1368 3320 1399 3362 rn

217 3399 352 3484 plurimis
372 3399 614 3480 Mesopotamiae
636 3399 772 3482 oppidis,
794 3418 873 3482 quae
896 3399 1079 3463 Graecorum
1101 3402 1237 3466 coloniae
1250 3406 1337 3465 erant
1352 3397 1397 3486 ²).

225 3553 425 3566 -ffl-
1297 3502 1398 3566 Cras-

214 3635 308 3692 saeida
332 3638 512 3706 praepositus.
548 3634 588 3689 Ci.
613 3635 668 3705 Pop
692 3595 824 3712 20222002,
858 3639 952 3706 imper.
970 3636 1063 3692 Areae
1088 3639 1136 3692 sub
1156 3638 1288 3694 Vardane.
1325 3634 1397 3692 Gor-

213 3720 341 3792 dpaenem
359 3720 393 3774 ab
412 3722 544 3776 Armeniis
565 3718 658 3773 Parthi
676 3727 803 3789 ceperunt
818 3720 867 3774 sub
886 3719 1025 3775 Phraate

318 3819 372 3887 1‚)
375 3820 562 3904 ,Ctesiphonte
570 3818 734 3873 Parthorum
750 3835 829 3890 reges
846 3817 999 3874 hiemabant
1016 3824 1127 3888 propter
1145 3823 1217 3874 aeris
1231 3823 1395 3890 temperiem,

108 3933 111 3938 ,
213 3902 351 3956 Seleuciae
383 3899 540 3974 parcentes,
573 3919 607 3958 00
633 3895 773 3973 Scpthio'ue
798 3904 972 3962 etmilitaris
1000 3897 1117 3958 nationis
1141 3903 1260 3975 hospitio
1284 3904 1396 3960 assiduo

213 3990 416 4060 opprimeretur.
451 3990 586 4044 Aestatem
610 3991 638 4042 in
656 3987 790 4057 Hyrcania
817 3992 844 4040 02
860 3985 1005 4042 Ecbatanis
1027 3995 1111 4056 agunt
1128 3996 1240 4059 propter
1257 3991 1396 4059 antiquam

211 4073 264 4130 loci
288 4078 315 4127 02
343 4070 429 4146 adhue
446 4069 584 4128 durantem
603 4074 728 4126 tamam.“
765 4070 873 4127 Strabo.
892 4070 985 4136 Moses
1003 4071 1117 4127 Charon.
1136 4072 1296 4130 Parthorum
1315 4087 1396 4144 reges

210 4153 313 4210 Balhae
322 4155 422 4228 degere
435 4161 486 4225 022,
506 4147 655 4212 0222022200.
683 4155 723 4210 De
735 4153 915 4232 Ctesiphontis
927 4161 1061 4211 uetustate
1073 4157 1107 4211 oi.
1120 4157 1173 4214 los.
1185 4157 1246 4212 Ant.
1258 4157 1355 4224 livill,
1369 4167 1397 4217 3.

312 4253 344 4322 2)
364 4253 450 4310 Tacit.
469 4258 558 4312 annal.
575 4257 594 4312 t.
606 4255 651 4312 Vl.
666 4271 689 4313 0.
705 4258 748 4312 tr.
766 4251 978 4323 „Nicephorium
992 4260 1020 4310 02
1030 4254 1217 4314 Anthemusias
1236 4263 1398 4328 ceteraeque

210 4335 307 4406 urbes,
329 4352 398 4409 quae
415 4339 611 4396 Macedonibus
629 4337 819 4396 022002200οιιο
836 4339 970 4397 voeabula
986 4344 1145 4410 usurpant.“
1166 4423 1173 4434 ι
