3006 5004
1226 311 1292 380 ΜΒ

110 485 223 568 ultique
245 501 300 545 usu
323 483 477 562 receptam
503 498 595 560 esse,
627 481 778 565 quonrodc
804 501 821 546 a
846 483 920 548 viris
943 482 1121 563 Maronitis,
1151 483 1290 564 Georgia

23 680 27 686 ι
110 583 266 669 Amira'¹)
303 584 492 666 potissimum
531 583 643 646 tradita
677 589 735 646 eat.
786 585 907 669 ltaque,
923 589 1025 648 monet
1051 586 1225 650 [rudovicus
1253 590 1292 650 de
1360 639 1363 646 .
1488 595 1489 602 ’

97 690 194 770 ,Dian
223 690 253 750 in
282 687 477 768 praefatione
500 687 544 756 nd
572 686 804 769 Apocalypsin,
837 706 873 763 sp
890 688 1001 752 relicta
1022 686 1187 752 chaldaica
1206 689 1291 752 Tre·
1401 763 1404 770 Δ

110 792 203 854 niellii
229 793 262 854 et
283 789 445 852 Bodcrinrui
465 790 660 868 punctatinne
673 791 713 852 -ln
735 791 870 854 omuibus
893 807 929 852 sc
949 790 1122 871 applicasse
1141 775 1292 870 Syriacae

109 895 237 971 liuguae
259 892 396 970 regulis,
426 892 534 974 quales
559 891 597 954 alr
624 891 686 952 illis
714 893 878 972 expositae
904 897 1028 972 essent,
1054 892 1092 955 ad
1116 910 1192 973 quas
1213 909 1291 973 pro-

110 995 295 1074 mulgandas
324 994 414 1074 inque
430 1011 627 1056 ‚ecnnnrunem
649 995 894 1058 consuetudinem
919 995 1151 1076 introducendas
1170 995 1292 1058 multum
1347 1057 1359 1066 ,

112 1098 222 1160 deinde
252 1095 380 1158 contulit
408 1095 539 1175 Syriaca
569 1095 607 1158 V.
639 1101 671 1158 ct
692 1096 734 1158 N.
758 1097 799 1158 Τ.
824 1098 947 1177 versic,
966 1098 1005 1158 in
1028 1096 1130 1176 Poly
1139 1087 1292 1176 'glottis

111 1198 420 1264 Parisiensibua
446 1215 542 1278 opera
563 1200 596 1260 at
614 1216 700 1260 manu
719 1197 871 1261 Gabrielis
888 1198 1134 1262 Sionitaccdita.
1178 1199 1292 1262 unnen-

112 1301 208 1362 dasse
236 1298 382 1395 quaedam
415 1302 448 1361 et
480 1301 623 1378 variasse
658 1301 766 1364 dicitnr
791 1301 928 1380 Sionita,
957 1301 1009 1381 qul
1031 1299 1159 1364 vocales
1183 1293 1293 1381 ullane

113 1402 260 1482 apposuit
294 1405 327 1464 et
355 1400 395 1488 V3.
423 1401 464 1464 Τ.
500 1402 596 1464 lilrro‘s
630 1405 743 1485 primun
770 1404 889 1483 punctis
916 1403 1088 1481 instruxit,·
1110 1421 1170 1483 qua
1201 1405 1231 1464 ln
1258 1421 1293 1466 re

116 1508 215 1568 utrum
239 1504 360 1568 codices
381 1503 425 1567 Μ.
446 1504 484 1568 S.
496 1522 544 1566 un
566 1508 718 1586 proplium
737 1506 876 1568 iudicium
900 1507 1025 1569 secutus
1048 1501 1292 1582 sit‚'incertum.

113 1603 142 1667 l.
173 1603 214 1666 l).
243 1605 402 1670 Michaelis
415 1601 447 1688 ²)
477 1608 605 1670 maxime
633 1609 663 1670 in
683 1607 878 1690 Apocalypsi
899 1608 1027 1689 reperiri
1049 1606 1142 1668 malta
1163 1606 1200 1668 ala
1217 1605 1293 1690 agdi-

115 1708 198 1770 tione
225 1707 374 1770 enunciet
397 1707 435 1770 de
448 1691 540 1770 -nne'n
566 1710 771 1792 discrepantia
794 1714 896 1774 munet
917 1727 1017 1792 neque
1039 1709 1219 1788 deicerent,
1241 1709 1293 1789 qni

116 1785 232 1875 omuino
261 1811 452 1874 arbitrarium
477 1812 653 1893 minimeque
675 1817 790 1876 eertum
810 1814 1012 1894 probatumve
1033 1809 1194 1876 habuerint
1216 1809 1293 1872 lrunc

116 1913 283 1976 Biblioruni
305 1915 527 1994 punctaturcm.
571 1913 774 1988 Veruntamen
794 1917 823 1978 in
843 1914 1037 1996 Apocalypsi
1058 1913 1139 1974 aliud
1159 1914 1293 1976 sortasse
1361 1917 1363 1924 ’

115 2014 160 2076 Μ.
189 2015 225 2076 S.
253 2019 379 2078 secutus
408 2019 457 2078 est
478 2015 597 2078 Sinnita
628 2017 658 2077 in
686 2018 763 2081 locis
792 2011 969 2100 qiinnalan
994 2015 1146 2080 diuersum
1171 2015 1208 2076 nli
1231 2013 1295 2091 illo,

117 2117 199 2198 qnod
229 2118 266 2179 de
292 2117 369 2178 Dieu
402 2135 477 2179 ase
504 2121 646 2182 accurate
669 2117 873 2200 descriptum,
904 2117 960 2180 sed
982 2116 1082 2178 multls
1103 2115 1219 2176 mendis
1240 2131 1295 2176 rc-

117 2220 225 2280 lertum
257 2205 340 2281 essc'
361 2221 509 2293 testatum
548 2221 628 2300 quod
660 2223 758 2310 autem
786 2222 814 2282 ln
843 2221 1037 2302 punctaticne
1066 2219 1209 2280 universa
1236 2233 1295 2278 nou

117 2305 190 2383 tam'
210 2337 266 2381 sno
297 2305 421 2398 ingeni'o
450 2322 627 2401 indulserit,
667 2339 754 2404 qnam
778 2323 923 2386 rationein
946 2326 978 2385 et
1001 2321 1192 2386 traditionem
1214 2319 1296 2380 antl-

119 2441 207 2504 qnam
237 2422 278 2484 sit
306 2425 456 2504 secutus,¹
486 2423 679 2486 Wisemanns
711 2415 842 2488 cellatis
855 2424 1082 2526 Karlrtplrensis
1109 2421 1297 2485 recensionis

117 2524 257 2606 partibus
283 2525 503 2605 comprobavit.
526 2526 605 2588 'list
625 2527 721 2603 igitur
740 2525 917 2607 tenendum,
945 2527 1167 2608 punctationem
1190 2525 1295 2586 textus

119 2625 215 2688 ncs'tri
245 2625 367 2705 Syriaci
396 2645 468 2688 esse
497 2610 731 2690 in'nnrversun
762 2647 845 2709 earn,
879 2645 966 2710 quam
989 2626 1143 2690 lacebitoe
1159 2625 1202 2688 'et
1221 2623 1296 2687 ma-

120 2729 236 2788 ronitae
260 2729 457 2791 tradiderunt.

224 2827 467 2908 Pnlyglntta
492 2831 760 2894 Londinensia
785 2827 902 2894 textam
924 2829 1087 2908 exhibent,
1109 2827 1192 2888 utin
1217 2827 1297 2888 Pro-

119 2929 291 3009 lcgomenis
312 2928 437 3008 dicitnr,
465 2951 524 2992 nen
537 2951 590 3014 ,ex
611 2935 748 3015 preprlis
764 2933 899 3012 iudiciis,
923 2931 978 2994 sed
1002 2930 1164 3014 secundum
1188 2944 1297 3000 exean-

120 3033 217 3113 plaria
246 3031 323 3094 Μιι.
342 3035 555 3112 constitutum.
597 3035 803 3098 lllomerantnr
825 3037 923 3098 etiam·
938 3036 968 3102 in
990 3035 1139 3114 apparatu
1162 3029 1298 3094 Waltoni

121 3136 412 3215 codices,·qunrnrn
434 3124 519 3200 lacta
542 3139 583 3199 sit
608 3137 731 3201 collatio
754 3140 783 3200 in
806 3130 846 3200 V.
870 3138 929 3218 '1'.‚
962 3135 1007 3198 Μ.
1027 3135 1064 3200 S.
1087 3135 1146 3196 duo
1170 3132 1298 3210 Usserii,

123 3237 470 3304 alterum.Poeoclll·et
493 3240 574 3302 aliud
597 3259 639 3302 ex
663 3241 741 3302 llilnl.
761 3226 1025 3321 cantabrigiensi,
1059 3239 1114 3302 sad
1138 3239 1177 3300 de
1199 3235 1239 3298 N.
1258 3235 1299 3296 Τ.

122 3339 214 3400 altum
241 3337 391 3400 silentium
422 3344 483 3404 est.
531 3343 667 3407 Historia
695 3342 733 3404 de
765 3331 903 3405 adultera
932 3342 1035 3420 addita
1059 3343 1108 3403 eat
1131 3321 1180 3401 en⁸
1195 3332 1239 3420 Μ.
1262 3336 1299 3399 S.

122 3441 240 3504 Uenerii
274 3457 359 3500 vers.
388 3440 634 3534 Rhilnxenianam
670 3446 860 3524 continente,
898 3445 949 3505 all
988 3444 1116 3520 margini
1146 3439 1301 3516 adscripta

122 3539 234 3623 triv).
287 3531 509 3634 Proponuntur'
527 3545 713 3614 solummu'dc
744 3547 773 3607 in
799 3545 901 3620 Temo
927 3545 1029 3606 ultimo
1060 3543 1164 3604 variae
1188 3540 1301 3600 lectio-

123 3723 334 3742 μνᾷ-

231 3834 260 3902 1)
282 3831 415 3906 Geurgius
437 3837 530 3893 Amira
554 3841 580 3892 in
606 3840 721 3908 patriam
746 3836 829 3890 redux
852 3834 1049 3892 Maronitarum
1072 3835 1228 3906 patriarcha
1248 3835 1302 3890 ela-
1362 3891 1365 3900 ,

124 3926 182 3976 ctus
198 3925 248 3975 cet.

228 4018 259 4086 2)
281 3997 391 4072 Einleit.
405 3993 454 4072 'ins
478 4015 510 4070 N.
529 4016 562 4072 T.
580 4016 601 4072 1.
616 3991 682 4088 pag.
697 4021 758 4076 37⁵.
793 4019 971 4089 Apocalypsis
991 4023 1018 4072 et
1035 4033 1095 4089 epp.
1114 4025 1240 4089 quattuor
1259 4030 1304 4069 ea-

124 4100 242 4158 tlnolicae
267 4105 378 4172 primurn
402 4105 430 4158 in
453 4101 540 4157 Paris.
566 4101 669 4174 Polygl.
695 4119 752 4158 curn
776 4105 901 4159 versione
929 4108 1040 4176 antiqua
1058 4103 1178 4171 Simplici
1196 4099 1304 4153 coalue-

125 4192 187 4240 runt
205 4193 286 4258 atque
304 4203 337 4242 ex
356 4188 403 4244 illo
423 4193 542 4257 tempure
560 4191 589 4244 in
608 4184 731 4264 omnihias
750 4189 946 4258 exemplaribus
964 4190 1099 4260 leguntur.

229 4287 260 4354 3)
285 4285 316 4340 ln
339 4286 438 4340 codice·
451 4285 593 4342 liidlaianc
611 4286 727 4344 historia
743 4287 811 4343 ilaec
829 4287 862 4342 de
880 4287 1132 4357 adultera-Syriaca
1152 4297 1231 4338 versa
1246 4297 1306 4338 csse

125 4369 223 4426 dieitur
247 4385 265 4424 a
288 4368 473 4426 Marinae.
492 4375 552 4429 522.
571 4401 606 4412 -
640 4372 762 4430 Storriuo
780 4377 808 4430 iu
826 4373 893 4430 (lod.
912 4371 1000 4430 Paria.
1018 4385 1089 4428 vers.
1107 4367 1246 4424 Philnxon.
1265 4368 1305 4420 al·
1368 4443 1372 4466 Ι
