3014 5008
1249 284 1292 350 93

98 472 284 538 componere
312 471 469 516 conamur.
520 451 596 514 llam
623 451 704 535 quod
731 469 826 534 supra
850 453 999 536 diximus,
1030 455 1188 538 probabile
1210 475 1293 538 esse,

100 564 133 623 iu
154 559 250 640 Syria
272 557 412 622 orientali
436 556 580 639 scriptam
603 573 674 616 esse
696 556 868 618 versionem
892 555 1084 640 simplicem,
1112 559 1142 619 in
1165 576 1204 620 oo
1225 578 1293 621 ma·-

103 664 187 724 xime
202 679 257 730 uos
276 661 399 732 adiuvit
418 662 512 724 vetus
530 659 679 738 Syrorum
703 657 842 738 traditio,
868 677 947 740 quae
966 659 1104 722 lidessae
1125 679 1191 724 eam
1211 664 1292 723 tenc-

101 765 225 846 poribus
254 762 376 842 Abgari
412 763 501 840 regis
540 762 684 841 scriptam
722 779 793 822 esse
812 759 1046 824 commemorat.
1096 763 1175 849 Quid
1203 765 1292 828 nobis
1364 851 1367 856 Ι

100 886 196 947 vero,
225 867 365 948 qnaeris,
397 885 463 929 cum
482 863 626 926 fabuloso
650 862 703 924 iilo
723 853 879 941 Abgarod
916 863 978 942 lam
1009 865 1184 946 videamus,
1223 885 1291 930 num

101 971 232 1033 certiora
262 969 408 1050 quaedam
438 968 601 1049 magisque
633 966 863 1049 probabilia.de
889 965 945 1030 boc
967 966 1191 1030 Osrhoeuorum
1212 988 1290 1048 rege

103 1075 242 1136 statuere
263 1072 429 1152 possimus.

190 1172 258 1236 ‘Ab
273 1191 362 1258 'aera
386 1172 569 1235 Graecorum
599 1172 672 1232 i.'e.
696 1170 921 1235 Seleucidarum
947 1171 1021 1258 Syri
1043 1173 1141 1252 vulgo
1164 1159 1290 1256 compo-

101 1279 169 1340 tant
206 1295 320 1350 aanos3
355 1276 425 1337 iude
459 1275 545 1337 uobis
589 1291 709 1356 quoque
744 1273 942 1354 incipiendum
972 1279 1032 1338 est.
1083 1276 1290 1341 Seleucum

101 1380 248 1460 plurimas
277 1379 372 1439 orbos
401 1377 572 1444 condidisse
600 1376 787 1439 Graecorum
812 1376 946 1438 colonias
963 1373 1008 1458 ¹),
1037 1397 1130 1459 sopra
1151 1381 1291 1442 monitum

104 1485 172 1561 est,
206 1482 286 1542 inter
316 1498 394 1562 quas
423 1479 580 1560 Appianas
610 1479 877 1554 etiam‚hidessanr
904 1481 1071 1558 recenset,·
1098 1479 1290 1562 Antiochiam

102 1585 231 1664 primum
262 1582 390 1661 dictam,
422 1583 512 1662 atque
536 1583 615 1649 ultra
633 1581 897 1663 Mesopotamiam,
915 1581 944 1642 in
976 1579 1158 1646 Parthorum
1186 1585 1292 1646 tinibus

103 1686 262 1765 Sbteram,
303 1682 484 1765 Calliopen,
501 1683 648 1764 tiberin,
677 1669 925 1766 Hecatompolin,
956 1683 1115 1768 Achaiam.
1156 1687 1291 1751 Maxime

102 1788 282 1870 amplificata
312 1789 363 1848 est
390 1788 569 1870 viribusque
592 1787 691 1850 crevit
712 1784 854 1848 Seleucia
874 1785 913 1846 ad
935 1785 1074 1869 Tigrim,
1102 1791 1133 1851 lu
1150 1791 1290 1872 Babylo-

100 1893 148 1954 nis
179 1892 280 1954 locum
308 1881 496 1964 succedens3
527 1893 559 1953 at
584 1907 659 1953 vero
685 1909 702 1951 a
726 1889 898 1952 Seleucldis
921 1908 994 1951 mox
1011 1889 1192 1956 Antiochiae
1214 1896 1289 1958 sede

99 1995 191 2072 regia
217 1993 279 2054 lixa
301 1991 453 2072 bellisque
476 1991 578 2054 multis
601 1993 720 2054 exortis
741 2009 809 2054 cum
828 1991 1012 2052 Ptolemaeis
1037 1994 1069 2053 et
1093 1994 1123 2054 in
1143 1996 1210 2075 ipsa
1235 1999 1287 2059 ia-

100 2096 183 2158 milia
210 2095 312 2172 regia·
331 2095 533 2180 gliscentibus
563 2095 723 2160 discordiis
751 2094 864 2156 lactum
897 2095 963 2172 est,
991 2095 1025 2154 ut
1051 2092 1163 2173 Syriae
1185 2098 1289 2158 oricu-

100 2199 173 2261 talis
204 2193 332 2278 imperio
360 2200 471 2260 anriaso
495 2191 641 2258 'raram
669 2196 711 2256 lbi
737 2210 871 2272 regnare
903 2175 1059 2274 coeperint
1075 2191 1118 2280 ²).
1166 2198 1289 2262 lllinime

101 2319 182 2362 vero
210 2317 248 2362 ea
273 2300 451 2363 Parthorum
484 2299 534 2360 ris
564 2317 600 2360 ac
630 2297 767 2377 potentia
789 2297 860 2376 init,
891 2299 1001 2377 quanta
1022 2285 1286 2386 uolgo'credltor‚
1355 2345 1371 2368 .

103 2420 204 2485 neque
226 2400 316 2482 Syris
345 2406 378 2465 et
399 2385 543 2464 Romanis
565 2400 676 2462 terrori
699 2400 888 2478 erant‚·nisi
907 2399 1054 2479 Syrorum
1079 2401 1110 2463 et
1131 2400 1288 2466 Romano-

101 2523 166 2567 rum
187 2503 307 2567 iracthe
327 2505 412 2566 vires
440 2505 581 2564 luissent.
624 2500 759 2562 Maxima
781 2510 879 2576 autpm
900 2501 1021 2563 Parthis
1037 2505 1136 2566 causa
1151 2505 1215 2567 ruit
1237 2508 1287 2568 in·

101 2597 268 2685 firmitatis,
302 2605 384 2686 quod
405 2605 496 2682 regni
515 2603 672 2680 successio
700 2601 775 2681 lege
802 2593 889 2663 nulia·
914 2603 990 2664 satis
1016 2608 1100 2674 certa
1123 2608 1155 2668 et
1177 2611 1288 2672 nruuita

104 2708 163 2768 luit
192 2709 284 2788 atque
303 2689 399 2784 reges
421 2703 509 2768 modo
532 2705 626 2766 creati
649 2705 761 2766 iratres
784 2701 888 2766 simul'
905 2705 958 2774 vel
986 2705 1065 2766 filios
1096 2707 1205 2770 ricinis
1232 2729 1287 2772 re-

105 2810 178 2886 gnis
201 2810 233 2870 et
254 2809 420 2888 provinciis
439 2823 535 2884 reges
558 2807 743 2868 constituero
765 2806 960 2869 conabantur.
1002 2805 1102 2886 Quare
1123 2808 1203 2869 nulla
1227 2829 1287 2870 uu-

103 2918 192 2993 quam
214 2913 243 2973 ei
267 2909 392 2990 imperio
415 2907 594 2986 concordio,
617 2907 803 2987 iuter'ipsos
826 2905 957 2968 Parthos
978 2923 1055 2984 pace
1074 2925 1195 2986 semper
1217 2897 1298 2972 tur-¹

102 3013 188 3073 bata.
229 3012 327 3074 Erant
349 3005 467 3092 quidem
490 3012 521 3072 lu
543 3005 649 3071 verbis
666 3007 854 3114 abundantes
870 2993 902 3071 e't
914 3005 1045 3086 gloriosi
1059 3005 1228 3074 Arsacidae
1245 2999 1287 3098 ³),

105 3177 311 3189 ...uno——

212 3291 241 3360 1)
260 3290 299 3346 Gi.
315 3291 447 3348 Ammiani
466 3301 493 3362 et
509 3293 590 3348 Plinii
607 3295 683 3358 locos
701 3287 784 3364 supra
802 3294 926 3350 laudatos
943 3310 1007 3367 pag·
1023 3298 1067 3352 24.
1086 3304 1129 3356 31.
1233 3349 1238 3364 ,

207 3407 240 3471 2)
260 3403 352 3460 Parthi
364 3407 511 3462 Seleucidis
529 3427 589 3464 mox
607 3410 743 3465 terribiles
761 3409 834 3466 iacti.
871 3410 1041 3476 „Antiochus
1056 3411 1172 3482 Magnus
1193 3428 1287 3466 caesus

104 3493 147 3541 est
168 3491 197 3542 in
214 3488 386 3546 Elamitarum
411 3494 525 3562 proelio.
561 3491 658 3547 Postea
677 3491 804 3546 Seleucus
829 3495 890 3560 (ilie
917 3499 958 3549 cui
984 3500 1112 3548 successit
1131 3497 1215 3548 irater
1231 3495 1286 3549 An·
1377 3524 1382 3533 ·

102 3569 208 3626 tiocbus
227 3572 350 3642 Sidetas)
368 3573 535 3647 anmo'regui
552 3579 668 3632 secundo
687 3579 772 3645 copiis
792 3578 1059 3638 collectis.aduersus
1076 3578 1203 3632 Arsacem
1221 3595 1285 3647 pro-

103 3655 188 3710 iectus
214 3663 255 3710 est
268 3658 432 3729 Babylonem
458 3667 485 3714 ei
502 3663 530 3715 in
547 3664 703 3730 superiores
724 3645 859 3728 regiones.
893 3660 928 3713 Et
945 3656 1137 3726 anuo'altaro,
1163 3665 1209 3730 qui
1228 3669 1288 3715 erat

104 3737 207 3810 Olymp.
232 3739 303 3796 CLX
325 3757 410 3798 eunus
435 3748 531 3800 tertius
560 3745 594 3798 ab
620 3743 722 3796 Arsace
745 3745 774 3796 iu
798 3746 978 3812 captiuitatem
1005 3743 1128 3798 redactus
1154 3751 1210 3809 est,
1241 3748 1287 3817 qui

86 3825 189 3894 ⁸ipsum
215 3827 242 3878 in
261 3821 398 3902 Parthiam
414 3828 574 3882 servandum
592 3829 672 3880 misit.
708 3824 896 3880 Sidctisauno
915 3835 1012 3898 quarto
1031 3833 1186 3898 supervenit
1202 3829 1286 3888 Arsa-

102 3921 147 3960 ces
171 3906 332 3978 (Phraates)
350 3926 408 3966 cum
427 3911 566 3966 duodecim
584 3909 757 3980 myriadibus.
775 3905 899 3978 'Sidctes
917 3916 945 3968 in
964 3916 1069 3986 proelio
1088 3915 1217 3972 aduersus
1234 3915 1287 3971 Ar-

101 4004 192 4044 sacem
214 3997 351 4050 sauciatus
368 3999 511 4052 moritur.“
546 3993 678 4050 Eusebius
696 3997 724 4049 iu
743 3995 880 4052 Chronico‘
892 3998 964 4056 Arm.
999 3998 1042 4055 Gi.
1061 3998 1180 4056 Vaiilaut
1203 4004 1286 4070 impe-

101 4077 171 4128 rium
188 4075 387 4160 Seleucidarum
408 4081 441 4135 de
458 4081 560 4138 Arsace
579 4077 695 4134 Phraate
712 4078 777 4152 pag.
796 4088 856 4142 167.

122 4235 127 4246 ,
204 4175 235 4244 3)
253 4175 408 4234 Ammianus
426 4163 548 4234 Marcell.
565 4178 668 4244 xxiii,
695 4184 721 4238 6.
746 4179 813 4236 haec
830 4182 863 4238 de
882 4181 972 4237 Persis
990 4183 1093 4270 tradita
1115 4179 1285 4254 „Abundan-

98 4262 140 4312 tes
157 4265 221 4314 aaut
234 4262 361 4318 inanibus
378 4265 470 4319 uerbis
488 4268 662 4334 insanumque
679 4264 821 4336 loquentes
842 4271 869 4320 et
886 4267 986 4334 ieium3
1012 4265 1166 4335 magnidici·
1176 4269 1202 4318 et
1219 4279 1285 4334 gra-

97 4355 146 4396 ves
158 4357 189 4397 ac
201 4347 284 4420 tetri,
303 4350 421 4425 minaces
435 4353 510 4404 iuxta
523 4353 551 4404 iu
564 4348 685 4406 adversis
699 4350 780 4406 rebus
799 4356 825 4405 et
842 4355 996 4422 prosperis,
1016 4349 1123 4416 callidi,
1143 4347 1283 4418 superbi.“
