3006 5004
1209 306 1271 374 189

88 477 222 556 reglone
251 473 465 556 Palaestinae,
494 473 563 538 batn
591 474 718 538 inautus-
733 473 854 558 aliquod
876 477 1023 566 temporis
1041 479 1179 562 episcopi
1201 499 1269 544 uru-

86 597 167 644 nere
206 577 414 646 Geruranieiae
449 595 548 670 prope
575 577 779 660 Hierapolim,
818 581 974 660 postremo
994 569 1215 651 Alexandriam
1241 585 1270 646 iu

87 683 305 747 monasterium
324 679 563 766 Antonianbrum
585 699 624 755 se
641 683 778 762 reuepit,
805 682 855 744 ubi
875 685 1046 758 versionem
1071 684 1270 750 philoxenia-

85 805 156 848 nam
185 784 224 850 ad
254 785 312 846 tria
339 783 528 864 exemplaria
550 782 669 856 Graeca
689 786 919 853 accuratissime
941 788 1138 866 et,eorrecta
1158 791 1269 852 eontu-

87 889 125 952 lit
146 907 278 969 „eornm
301 887 331 948 in
355 903 466 967 usum,·
482 887 548 968 ipse
572 883 606 950 u'ut
628 887 687 967 ait,
709 889 762 970 qui
785 889 916 968 diligant
937 893 1144 972 quaerantque
1166 891 1268 954 utilem

86 996 122 1056 et
151 993 292 1064 eurotam
321 991 489 1052 divinarum
516 991 732 1071 seripturarum
762 993 970 1070 integritatem
992 1010 1084 1058 nosse
1105 997 1138 1058 et
1159 997 1269 1058 eosto-

16 1173 19 1188 ι
86 1095 197 1158 lire.“
218 1086 221 1092 ’
246 1093 281 1156 lo
316 1096 428 1158 laetum
464 1096 515 1159 est
550 1112 579 1156 a.
611 1091 685 1156 cir.
713 1073 811 1170 6163'
831 1087 936 1172 versio
963 1093 1129 1181 Polyearpi
1155 1096 1268 1158 euimle

89 1197 290 1264 Charelensis
315 1216 344 1258 a.
366 1195 582 1260 Heracleensis
605 1196 686 1258 lietu
704 1191 745 1280 ¹).
787 1197 878 1262 illita
898 1202 948 1262 eat
968 1197 1025 1260 sub
1050 1199 1168 1260 nomine
1189 1197 1266 1274 v‘or-

86 1303 185 1364 siouis
206 1299 443 1378 Philoxeuianae
466 1299 555 1364 tomis
579 1301 722 1382 quattuor
744 1321 763 1364 a
789 1295 856 1364 vi'ro
877 1303 1003 1364 strenuo
1026 1303 1059 1364 et
1079 1300 1270 1382 noceamus.

86 1405 113 1466 l.
146 1399 250 1466 While
286 1421 328 1486 ex
360 1403 515 1466 eudioibns
535 1402 737 1484 Jiiulleyanls·
751 1400 883 1487 (Oxonii
913 1401 1025 1486 1778].
1076 1402 1267 1484 Polyearpns

87 1511 123 1571 et
146 1501 496 1588 Thonnas.²]·Graaeum
514 1505 685 1586 exemplum
708 1524 817 1588 presse
839 1507 938 1578 menti
959 1507 1086 1570 verbum
1109 1504 1271 1569 daverio.
1332 1527 1335 1537 ι

87 1609 287 1676 reddiderunt
315 1612 485 1690 tantamque
511 1627 567 1670 ruo
597 1610 626 1670 in
646 1611 783 1687 negotio
798 1608 996 1674 adhibuerunt
1016 1627 1116 1672 euram
1140 1611 1173 1672 et
1195 1609 1266 1671 lili·

90 1714 244 1794 gestiam,
278 1717 312 1776 ut
340 1713 406 1803 iere
438 1711 589 1792 singulam
618 1711 784 1795 quamlibet
813 1711 990 1792 particulam
1010 1721 1205 1794 expressam
1234 1714 1268 1789 et
1304 1767 1308 1777 .

88 1819 305 1892 conservatam
338 1815 484 1898 reperias.
514 1809 738 1900 verborumque
766 1813 995 1884 colloeatiouum
1022 1817 1188 1897 retentam,
1224 1815 1267 1891 itu

88 1957 122 2018 ut
150 1925 329 2035 ipsissimam
355 1949 476 2014 Graeoi.
491 1953 597 2050 textus
619 1951 779 2031 imaginem
802 1901 990 2034 ’ἴΔΆορῖ
1014 1895 1160 2025 iffi
1189 1969 1266 2032 pro-

88 2141 292 2152 ψ

88 2275 149 2314 mae
173 2257 243 2328 apud
266 2256 368 2311 Assem.
385 2256 418 2312 ll.
436 2272 499 2327 pag.
518 2261 561 2314 912
596 2254 650 2310 sm
667 2254 888 2311 Bar-hebraeus
906 2258 959 2312 iam
978 2256 1155 2330 suspicionem
1175 2257 1273 2321 morit,-

88 2347 136 2400 ubi
160 2322 332 2398 Mar-Abour
349 2341 544 2423 ‘Nestorianunr
569 2341 653 2396 tradit
679 2357 736 2396 eum
756 2341 860 2398 Thomu
877 2339 1014 2396 Edesseno
1038 2340 1129 2398 Biblia
1151 2343 1281 2398 vertisse:

88 2438 116 2487 et
141 2445 197 2486 oum
223 2428 316 2484 eodem
334 2427 523 2482 Alexandriam
547 2442 576 2482 se
601 2426 760 2492 contulisse,
785 2427 942 2500 videaturne
960 2427 1028 2482 idem
1047 2442 1108 2483 essu
1128 2426 1172 2482 hio
1191 2426 1265 2482 The-

89 2532 147 2572 mas
172 2517 218 2588 qui
241 2513 359 2570 Thomas
385 2512 563 2568 Charelensis.
606 2510 655 2564 lllo
679 2516 803 2590 ternpore,
824 2511 861 2580 (e.
886 2525 910 2566 a.
935 2512 1010 2580 530.)
1028 2503 1181 2578 ThomamJ
1198 2509 1265 2567 Geu-

87 2605 219 2670 moniciae
242 2602 422 2670 episenpum‚'
444 2601 543 2652 vixisse
567 2613 599 2650 en
623 2595 745 2666 Dionysii
771 2595 904 2655 Glrrunieo
930 2601 1043 2652 constat.
1087 2595 1176 2656 Quare
1195 2596 1214 2650 l.
1233 2595 1264 2650 ll.

87 2687 233 2743 Michaelis
257 2691 350 2738 statuit
375 2671 525 2737 versionem
546 2680 764 2752 Philoxenia'nam
784 2696 800 2734 a
818 2679 923 2736 Thomu
943 2680 1107 2736 emendatum
1124 2695 1185 2736 esse
1202 2679 1264 2738 hle-

86 2773 221 2828 xaudriae
245 2783 313 2823 anno
337 2771 396 2823 fere
421 2767 483 2822 Cirr.
499 2773 587 2833 ¹530..
612 2765 706 2822 ilerum
726 2773 813 2822 autern
833 2767 957 2820 collatam
975 2779 1000 2818 o·
1019 2769 1080 2823 616·
1098 2779 1114 2820 a
1132 2769 1191 2821 viru
1210 2769 1265 2820 alio

9 2871 10 2878 ¹
87 2861 151 2930 (qui
178 2857 295 2910 tortasse
316 2861 343 2908 et
363 2857 420 2924 ipse
438 2869 533 2908 nomen
551 2851 672 2906 Thoosae
690 2851 766 2922 Syris
784 2851 924 2906 admodum
942 2851 1055 2919 vulgare
1072 2851 1181 2919 gessit).
1216 2851 1268 2908 Cui

88 2945 239 3002 sententiae
265 2941 293 2996 ul
318 2941 406 3006 lavet,
437 2939 509 3010 quod
536 2941 563 2992 iu
586 2940 720 3008 versionis
743 2934 890 3006 epigraphe
912 2937 940 2988 iu
969 2935 1104 2988 nonnuliis
1129 2935 1265 2990 codiuibus

87 3032 205 3102 legitur:
224 3026 351 3080 lterum
369 3026 493 3078 nullatum
512 3029 553 3078 ast
573 3037 598 3078 a.
616 3028 677 3082 616.
715 3020 828 3073 Omnino
847 3017 925 3072 huius
939 3017 1100 3088 epigraphes
1111 3035 1210 3092 magna
1225 3028 1266 3076 est

88 3120 117 3169 in
136 3112 275 3168 eodiuihus
291 3114 408 3164 varietas
428 3115 455 3164 et
473 3109 649 3179 perturbatio.
688 3105 729 3159 Gi.
747 3105 832 3158 louum
852 3101 957 3174 Moysis
976 3101 1106 3174 hghelaei
1124 3118 1187 3174 pag.
1206 3110 1265 3163 191.

9 3255 10 3262 ι
195 3228 223 3296 n)
251 3228 290 3283 (Il.
316 3227 469 3291 Bernstein,
498 3224 531 3279 de
558 3221 713 3278 Charelensi
739 3220 771 3278 N.
791 3221 824 3276 T.
845 3221 1022 3276 translatione
1041 3219 1161 3292 Syriaca.
1196 3220 1265 3276 Vra-

10 3309 14 3322 '
83 3315 140 3371 tisl.
160 3320 237 3372 1837.
361 3313 366 3319 '
1160 3327 1187 3382 .'

192 3397 223 3497 b)
251 3427 379 3482 Thouranr
409 3425 625 3484 Philoxeniauuur
656 3427 807 3483 versionem
836 3439 890 3478 non
908 3421 1070 3494 ⁴contulisse
1099 3421 1185 3474 solum
1208 3435 1265 3474 uum

9 3541 10 3552 ι
87 3514 284 3584 exemplaribus
304 3511 415 3566 Graeuis
441 3513 487 3566 sen
513 3515 539 3566 in
562 3513 642 3566 aliam
661 3513 740 3581 plane
760 3499 871 3566 iormam
891 3509 1031 3574 retulisse,
1057 3505 1155 3576 probat
1178 3505 1265 3560 Wise-

86 3615 181 3658 maurus
203 3615 242 3666 ,ex
267 3599 424 3668 fragmentis
450 3602 543 3669 paneis
568 3595 777 3651 Philoxeniauae
802 3595 936 3650 versionis
961 3595 1102 3660 pag.178.
1137 3587 1265 3660 Polpear-

85 3702 135 3754 pus
160 3685 272 3756 liberius
297 3689 432 3747 verterat.
456 3682 623 3754 Simplieem,
652 3681 698 3736 ubi
717 3683 817 3750 potuit,
844 3683 966 3740 seuniae,
992 3671 1110 3727 Thomas
1129 3675 1208 3743 plane
1225 3677 1265 3727 ri-

84 3785 203 3840 gorosus
226 3769 276 3822 init
302 3772 330 3824 iu
356 3786 404 3836 eo,
430 3778 458 3826 ut
477 3770 605 3825 Graenam
628 3768 744 3820 litteram
770 3766 797 3816 in
812 3759 942 3815 *omuibus
960 3763 1126 3828 sequeretur.
1163 3757 1265 3814 Tamen

85 3878 112 3924 et
138 3869 257 3925 Thomas
284 3875 414 3928 rationem
435 3873 533 3944 ubique
557 3868 639 3924 habet
655 3871 734 3922 vers:
746 3865 896 3934 Simplicis,
922 3877 991 3933 quae
1009 3841 1136 3944 1¹³me
1154 3860 1264 3926 diuitum

9 4021 10 4026 ,
84 3973 127 4024 vel
153 3972 222 4025 tales
247 3971 435 4040 diversitates,
468 3973 514 4027 uhi
540 3972 657 4042 Simplex
682 3968 860 4038 singularem,
888 3963 1006 4018 Thomas
1024 3949 1153 4034 pluralem
1174 3963 1264 4029 habet,
1302 4025 1311 4039 ι

83 4061 213 4110 notantur
230 4059 257 4110 iu
273 4062 404 4129 margine.
441 4056 625 4114 Coniorendus
646 4061 687 4110 est
705 4054 737 4108 de
756 4067 826 4108 vens.
849 4047 1042 4106 Philoxeniana
1060 4049 1181 4126 Stenius
1200 4049 1264 4116 (ob-

83 4142 254 4196 servationes
272 4158 354 4214 super
372 4143 405 4200 N.
425 4144 458 4202 T.
476 4159 563 4200 verss.
582 4141 642 4213 Syr.
661 4139 750 4212 sarug.
771 4136 870 4206 1772),
896 4152 973 4208 queuu
991 4135 1088 4190 librum
1108 4135 1187 4197 doleo
1207 4133 1264 4186 iru-

9 4293 10 4302 .
83 4230 143 4278 stru
166 4231 342 4296 quaesivisse.
382 4229 495 4286 Multum
518 4229 678 4299 disputatum
703 4231 745 4282 est
769 4225 801 4280 de
829 4240 900 4280 vers.
919 4221 1023 4278 Charel.
1043 4221 1129 4277 obelis
1147 4225 1174 4273 et
1191 4223 1263 4272 aste·
1321 4227 1323 4232 ·

83 4312 179 4379 sisois,
214 4329 282 4384 quos
307 4317 356 4370 alii
382 4331 415 4370 ex
436 4317 581 4370 oollatione
600 4312 734 4382 Simpliuia
752 4311 801 4376 alii
819 4309 853 4362 ad
873 4308 979 4372 oolluos
997 4304 1114 4374 [iraeneo
1135 4303 1264 4370 ueieruut.

82 4391 182 4449 Neseio
201 4409 237 4452 an
255 4398 290 4451 ud
308 4413 380 4455 vera.
396 4397 613 4455 Philoxeuianam
630 4397 731 4453 deletui
744 4397 862 4464 possint,
879 4407 958 4464 quarn
972 4391 1090 4446 Thomas
1105 4387 1263 4452 emendavit
