3014 5008
207 303 268 368 444

309 470 348 534 V.
391 469 516 532 Parisiis
539 479 661 552 quoqne
689 468 790 544 cortex
811 467 1050 550 Evangeliorum
1072 467 1222 548 Syriacus
1251 471 1394 552 antiquus

185 575 328 657 'emtam
357 573 425 635 olim
446 570 595 658 peculium
618 571 823 636 bibliothecae
847 573 1019 634 monasterii
1041 571 1078 636 S·
1091 570 1255 644 ·Gcrmani.
1299 573 1394 636 Scri-

205 684 277 763 ptus
317 678 366 740 est
394 663 534 736 sacculo'
550 674 777 757 Vlllsiuitque
809 675 943 757 primum·
959 671 1102 740 'comanti
1129 671 1166 738 S.
1194 673 1331 739 Ananiae
1362 678 1394 739 lu

206 784 307 846 monte
328 776 533 841 Marelincnsl
547 773 587 860 ι4.
695 769 699 778 '

308 889 383 973 vlf
407 910 549 971 llin'sdem
581 910 647 970 lere
678 910 789 972 aetatis
818 898 948 972 habetur
975 903 1075 972 codex
1097 907 1287 971 Altdorhnus
1314 929 1392 976 nunc
1486 971 1487 990 ,

207 1014 420 1092 litlangcnsis.
466 1012 629 1080 llubitatur
656 1015 759 1074 tamen
781 1011 819 1074 (lc
834 1011 928 1074 huius
948 1011 1065 1074 ¹codicis
1090 993 1278 1094 antiquitate.
1321 1014 1393 1077 Fuit

142 1189 146 1196 .
206 1119 259 1182 hic
287 1115 424 1180 codex.'
416 1133 443 1176 rs
470 1101 556 1196 ipse,
594 1111 666 1176 tle
656 1133 720 1196 quo
753 1114 799 1176 lo.
818 1107 902 1176 Ειι.
923 1109 1096 1178 Gerharulus
1128 1115 1392 1179 dissertationibus

207 1221 345 1305 pluribus
375 1205 461 1312 egit,
492 1237 615 1301 quarum
644 1220 761 1298 partem
792 1229 929 1279 recusam
957 1215 1053 1279 habes
1074 1219 1104 1278 in
1127 1214 1278 1280 Thesauri
1299 1217 1392 1284 thec-

208 1324 330 1402 logici-
312 1319 519 1428 -philologlci
539 1319 713 1383 Ams'telod.
736 1320 797 1396 vol.
820 1319 861 1381 ll.
881 1340 915 1422 p.
914 1301 983 1383 43
1005 1339 1053 1402 sq.
1096 1317 1391 1385 eooesestnvan-

141 1411 144 1422 ἱ
209 1427 376 1508 galiorum,
409 1417 498 1508 ιιιιιιιι
533 1418 637 1488 Coos..
659 1422 696 1485 D
725 1423 873 1488 Tetaerus
900 1423 1044 1500 Darnasci
1074 1441 1092 1483 a
1119 1423 1212 1488 Patre
1228 1420 1392 1489 'lllichaelc

208 1525 389 1594 Damascino
402 1525 553 1590 lllaronita
576 1527 683 1588 etatum
705 1525 908 1589 bibliothecae
923 1520 1256 1602 Altllorfina'clegavit.
1283 1516 1392 1590 'Scri-

208 1638 278 1716 pta'
300 1632 370 1693 suut
398 1631 542 1710 quattuor
571 1627 746 1712 Evangelia
772 1625 855 1690 foliis
887 1619 950 1692 186
977 1628 1093 1724 litteris,
1117 1617 1330 1716 ΕιιιιιιιιιΙοί
1360 1631 1391 1692 in
1488 1629 1489 1644 ¹

99 1808 102 1812 .
209 1733 314 1797 charta
343 1731 477 1812 antiqua.
521 1729 586 1792 Seri
606 1733 771 1812 posteriori
789 1751 894 1813 manu,
922 1732 953 1794 in
974 1751 1115 1814 papyro
1116 1733 1229 1796 turcico
1247 1732 1391 1813 suppleta
1488 1725 1489 1736 ’

209 1838 280 1900 sunt
297 1827 381 1894 lolia
410 1830 452 1894 20
482 1831 596 1894 ultima.
640 1832 888 1914 Epigraphe,a
869 1835 993 1896 aviris
1016 1833 1092 1922 aliis
1120 1834 1208 1897 aliter
1230 1834 1390 1916 translata,

208 1938 310 2000 monet
330 1934 533 2022 solummodo,
561 1953 621 2017 qno
643 1938 780 2016 tempore
800 1935 884 1998 iolla
893 1940 1051 2034 postrema
1074 1935 1177 2006 abolita
1198 1936 1274 2016 sint,
1303 1936 1391 1998 scili·

210 2033 259 2104 cet
281 2056 357 2114 anno
375 2033 448 2100 Chr.
473 2035 588 2100 1246
578 2057 608 2098 ιιι
622 2017 700 2101 loco
706 2035 854 2102 Pherech.
879 2021 968 2120 siit
981 2039 1040 2102 tum
1056 2022 1133 2102 lihcr
1145 2039 1288 2120 proprius
1301 2039 1391 2102 nan:

207 2141 267 2205 ban
291 2130 388 2204 Pauli
399 2121 540 2205 monachi
554 2139 793 2234 Turabdinonsis
815 2160 856 2202 ex
875 2159 960 2222 pago
976 2139 1159 2214 Calars'alta.
1201 2141 1324 2220 Dignus
1342 2145 1390 2206 est

210 2243 335 2326 Codex,
367 2243 417 2325 qui
447 2236 633 2322 accuratius
646 2220 844 2310 examinetur.
886 2243 963 2306 Nam
990 2247 1113 2308 ridetur
1139 2243 1299 2306 vocalibus
1316 2246 1390 2306 ani-

208 2351 325 2420 matus3
354 2345 503 2406 lectiones
527 2359 645 2428 quoque
669 2347 808 2425 insignes
830 2345 977 2408 exhihere
1001 2347 1108 2409 (licitur
1131 2349 1164 2408 ct
1183 2346 1309 2409 lacunas
1331 2347 1389 2408 ali-

209 2452 285 2532 quot
298 2424 470 2528 Simplicis
501 2448 710 2534 supplevisse.
745 2435 961 2514 lacobitarum
990 2431 1122 2532 coetui,
1137 2449 1172 2512 ni
1192 2449 1302 2536 fallor,
1332 2449 1398 2512 aul·.
1491 2496 1492 2504 ,

208 2550 353 2614 dicendus
374 2541 548 2631 esl²J..
563 2557 570 2572 '

271 2663 407 2746 Etiam
434 2633 620 2745 bibliotheca
647 2621 920 2762 lleidelbergensls
948 2641 1072 2775 ltomam
1102 2685 1214 2766 postea
1244 2647 1391 2748 translata

208 2781 413 2868 possedisse
421 2784 530 2848 dicitur
561 2777 700 2887 codicem
730 2787 770 2847 N.
801 2787 847 2868 Τ
870 2766 1108 2870 antiquissimum
1135 2789 1215 2850 teste
1248 2786 1390 2864 Rutgero

209 2889 314 2984 Spcy
330 2869 522 2968 Boporrlin03
557 2889 615 2952 tuit
650 2889 786 2952 tortasse
823 2890 892 2970 illc,
930 2909 996 2972 quo
1026 2907 1100 2960 usus
1133 2892 1183 2952 est
1206 2887 1389 2950 Tremellius

209 3011 265 3054 sua
293 2993 323 3052 in
351 2988 511 3071 alitione,
537 2994 571 3054 ut
600 2981 681 3052 infra
704 2991 900 3054 videbimus.
934 2994 982 3054 De
1012 2992 1118 3054 eodem
1147 2992 1310 3074 ailquoties
1339 2991 1390 3054 Fr.
1440 2991 1443 2996 '

209 3093 310 3154 lunius
331 3093 413 3192 loqui
438 3094 560 3156 ridetur
579 3090 636 3175 [oi.
660 3095 809 3166 aninraulv.
831 3095 861 3156 in
883 3093 1024 3155 Bellarm.
1046 3083 1185 3156 controv.
1206 3113 1239 3174 p.
1263 3089 1368 3176 4494.

220 3253 223 3258 ·
313 3203 444 3295 Codices
468 3243 562 3305 supra
584 3225 658 3288 dicti
677 3243 780 3289 omncs
799 3227 869 3290 sola
888 3197 1063 3308 lirangelia
1085 3227 1256 3315 continent,
1281 3226 1391 3306 quibus

209 3345 284 3389 unus
311 3329 425 3390 tantum
456 3330 636 3410 accensetur
663 3330 719 3391 ab
729 3328 867 3410 Adlero,
905 3331 954 3412 qui
981 3329 1144 3410 pericopas
1168 3338 1212 3390 ‘ox
1238 3326 1328 3392 Actis
1358 3329 1391 3392 et

1320 3430 1391 3510 epi-

209 3596 286 3660 sagt,
312 3590 379 3646 dass
403 3549 460 3646 lies
484 3591 719 3664 Evangelierrhuch
740 3547 873 3665 gelertigt
895 3597 935 3648 sci
961 3597 996 3648 im
1013 3594 1096 3650 lahre
1119 3597 1227 3662 9454ιι.
1203 3594 1306 3650 acor.
1317 3598 1391 3664 334)

209 3690 251 3728 am
275 3678 319 3731 24.
345 3675 391 3728 des
410 3671 504 3732 (l'onun
524 3681 563 3732 'im
584 3676 693 3732 Kloster
711 3678 941 3734 Beth-Halcbci
960 3678 1106 3734 Damascus
1126 3695 1175 3732 zur
1193 3669 1254 3734 zera
1272 3680 1320 3734 des
1338 3678 1390 3734 l’a·

208 3759 344 3826 triorchem
362 3758 464 3816 lohaon
483 3779 536 3818 uon
554 3762 705 3819 Antiochia.
725 3789 757 3802 -
793 3763 901 3834 llerzog
918 3764 1021 3834 August
1041 3763 1138 3818 erhielt
1156 3764 1200 3817 ulie
1216 3763 1391 3820 Handschrilt

209 3847 228 3896 i.
246 3843 269 3898 J.
289 3848 358 3902 1666
377 3845 417 3898 als
436 3849 479 3900 ein
498 3843 638 3902 Gesohenh
657 3848 704 3901 der
716 3847 903 3903 Darrhbarlreit
921 3864 975 3912 uon
994 3851 1094 3906 seineur
1103 3845 1391 3903 Bircher-Geschtits-

208 3933 302 4000 tratger
319 3927 381 3982 Ath.
398 3927 512 4004 Klrcher
531 3935 558 3984 in
575 3930 670 3988 llom.“
714 3923 721 3938 ¹
772 3995 776 4002 ,

212 4079 220 4100 ,
313 4027 341 4096 1)
359 4027 390 4084 B.
412 4027 514 4088 Orient.
532 4029 571 4098 11,
589 4038 650 4088 222.

311 4128 343 4197 2)
374 4126 415 4180 Gi.
441 4127 598 4194 lrmisoher,
630 4129 739 4198 diplom.
762 4123 964 4205 Bosulrrcibung
990 4125 1391 4198 o.Msr.‹t.Er1ang.Bth1

207 4211 351 4282 llottinger
369 4211 432 4272 diss.
451 4212 484 4267 dc
502 4215 598 4270 transl.
613 4212 683 4266 Bibl
702 4227 728 4280 p.
748 4213 808 4270 575.
847 4209 930 4280 Opilii
944 4211 1143 4282 Syriasmusp.
1153 4218 1205 4269 ,.13
1227 4214 1269 4268 14.
1303 4210 1391 4278 Mum,

207 4297 352 4350 memorab.
377 4297 443 4350 bibl.
467 4297 540 4368 publ.
565 4296 686 4354 Norimb.
710 4296 762 4352 vol.
788 4293 827 4350 lll
852 4311 877 4364 ιι.
901 4298 1019 4354 38-44
1043 4295 1104 4366 (ubi
1122 4299 1257 4422 specimen
1274 4295 1392 4350 additum

190 4447 192 4452 Ι
208 4384 249 4434 est
265 4379 436 4449 scripturae).
