2974 5012
192 313 236 382 38

199 483 353 553 lectatur!
382 464 565 560 Abundaut,
596 477 784 544 delectantur
807 479 840 540 ct
862 477 1016 542 luxuriant
1035 477 1214 542 0rlenta‘les
1237 475 1391 538 diuersa-

109 593 111 598 '
197 595 265 652 rum
287 607 385 652 rerum
404 585 568 648 collatione
591 588 623 645 et
647 577 892 662 comparatione,
922 581 964 646 ltu
986 586 1020 644 ut
1040 582 1187 644 sermonis
1210 580 1391 662 eloquentia

199 693 474 768 sententiarumque
504 688 629 750 ornatus
655 686 788 748 martimo
810 682 880 744 inda
908 685 1040 762 oriatur,
1077 684 1155 766 quod
1185 701 1250 745 curo
1277 684 1391 744 natura

200 796 268 874 ipsa
300 790 387 874 qnasi
411 789 521 868 iocari,
557 787 697 848 diversas
720 784 936 857 vocabulorum
962 789 1102 848 notiones
1124 787 1269 862 miscere,
1297 801 1390 844 men-

200 897 261 956 tem
288 892 377 954 modu
407 888 465 953 luc
494 889 583 952 modo
606 889 677 952 illuc
707 889 848 966 flectere,
885 887 1015 970 dentque
1044 904 1152 950 sensus
1176 886 1330 948 naturales
1354 891 1391 948 et

105 1049 108 1058 ,
200 966 380 1076 corporales
400 992 439 1054 ad
457 993 583 1054 animum
603 987 945 1070 contemplailonepuque
968 1005 1066 1053 rerum
1079 987 1275 1068 spiritualium
1290 991 1323 1049 ct
1336 990 1391 1050 di-

200 1097 336 1160 vinarum
349 1095 516 1160 transferre
531 1093 631 1158 solent
670 1091 786 1176 ,Quare
800 1091 960 1170 primariae
974 1092 1114 1154 notiones
1128 1089 1238 1170 uirique
1252 1089 1280 1150 lu
1294 1091 1393 1154 rebus

203 1197 414 1278 sensibilibus,
434 1198 464 1258 in
477 1199 543 1260 rita
558 1194 739 1271 Nomadum,
759 1192 789 1252 in
803 1190 912 1278 adeptu
925 1191 1097 1271 corporali,
1117 1192 1146 1252 in
1161 1192 1214 1270 ils,
1237 1211 1314 1273 quas
1328 1211 1392 1254 ma-

203 1303 272 1378 tura
301 1300 370 1380 ipse
396 1299 547 1381 porrlglt,
584 1297 668 1358 vitae
696 1293 798 1370 causis
829 1296 862 1356 et
888 1291 1164 1364 necessitudinibus
1195 1295 1391 1375 quaerendae

203 1404 284 1464 sunt.
328 1399 377 1464 Ita
405 1401 482 1462 enim
507 1400 595 1462 Deus
618 1397 763 1460 tattonem
789 1396 985 1476 natorumque
1009 1411 1108 1466 rerum
1134 1395 1294 1458 visilrllinm
1318 1417 1390 1460 em-

202 1521 271 1571 nem
309 1481 481 1583 composuit
495 1518 499 1526 ’
513 1506 545 1566 e't
572 1499 740 1576 ordinavit,
774 1499 809 1558 ut
838 1514 879 1558 ex
909 1499 948 1558 ils
979 1498 1066 1579 quasi
1091 1499 1250 1578 expressis
1276 1501 1392 1564 certis-

204 1605 349 1686 simisque
386 1603 494 1682 liguris
533 1606 565 1664 et
600 1599 782 1680 imaginibus
815 1595 951 1660 hoorlnes
990 1601 1181 1678 cognoscant
1217 1602 1249 1660 et
1283 1603 1392 1681 perci-

204 1707 290 1787 pitnt
317 1721 416 1764 rerum
444 1703 610 1767 divinarum
627 1707 674 1763 -et
704 1698 899 1761 invisibilium
928 1691 1064 1762 rdtlones
1093 1705 1126 1766 et
1147 1719 1267 1764 causas.
1311 1699 1389 1764 Cum

205 1806 282 1870 enim
308 1822 365 1866 nos
395 1801 627 1883 occidentales,
662 1819 789 1890 prorsus
819 1800 1024 1881 immemores,
1062 1803 1144 1886 qnod
1179 1805 1285 1870 natura
1313 1803 1393 1871 aluit

207 1925 264 1969 nos
298 1909 389 1988 atque
429 1885 578 1992 crudivit,
621 1922 664 1968 cx
699 1905 796 1968 animo
817 1903 941 1988 nostro
965 1904 1138 1966 universam
1172 1920 1268 1966 rerum
1296 1910 1393 1968 natu-

207 2027 271 2086 rum
306 2009 484 2072 construere
518 2007 690 2084 soleamus,
725 2005 823 2066 omniu
845 2004 889 2067 ad
917 2021 973 2066 nos
1003 2002 1175 2084 trahentes,
1204 2007 1234 2068 iu
1256 2010 1393 2072 omuibus

206 2112 326 2174 nosmet
359 2110 447 2190 ipsos
479 2089 740 2192 contemplantesj
775 2106 863 2186 quasi
891 2107 1107 2186 cogitationes
1138 2111 1261 2176 nostrae
1291 2129 1391 2172 rerum

206 2213 343 2290 naturam
374 2207 600 2274 efformaverlut
622 2214 654 2272 et
674 2209 865 2270 effinxerint:
895 2213 1001 2294 contra
1025 2202 1199 2272 Oricutoles
1221 2212 1305 2274 vitae
1328 2231 1393 2276 rc-

211 2312 295 2374 ritati
323 2313 356 2372 et
380 2309 567 2392 simplicitati
597 2323 687 2374 aures
716 2327 886 2392 sensusque
913 2309 1306 2403 praetentato-imagine
1326 2334 1392 2378 rem
1471 2301 1472 2314 ¹

210 2415 309 2494 ipsam
346 2412 498 2476 intuentur
535 2416 568 2476 ut
600 2415 630 2476 in
665 2414 792 2496 speculo
821 2430 1001 2492 expressam
1029 2414 1061 2476 et
1086 2412 1116 2474 ln
1142 2413 1200 2494 ils,
1233 2434 1310 2498 quae
1336 2419 1395 2482 sub

213 2513 320 2576 oculos
366 2529 549 2598 sensumque
594 2515 721 2597 cadunt,
761 2514 903 2606 amplecti
937 2513 1039 2578 solent
1056 2517 1059 2524 '
1076 2515 1194 2580 insitam
1232 2519 1325 2582 reim
1360 2527 1397 2586 et

216 2617 371 2679 aeternam
406 2617 552 2686 naturam.
605 2617 738 2704 illeximus
766 2615 890 2678 Arabes
919 2615 1106 2680 retinuerunt
1134 2621 1168 2682 et
1194 2619 1397 2686 excolucmnt
1472 2675 1473 2700 q

215 2734 271 2778 cas
301 2717 466 2804 verborum
502 2720 662 2803 notiones,
700 2725 787 2803 quae'
811 2717 969 2799 primarias
1000 2705 1033 2782 ct
1062 2715 1239 2782 verissimos
1261 2720 1396 2794 domiuis

85 2875 90 2880 .
174 2821 181 2828 “
210 2819 444 2884 observationes
467 2839 637 2906 sensusque
659 2821 773 2885 vitales
797 2821 986 2903 exprimant3
1016 2836 1107 2898 porro
1130 2820 1262 2884 llciraei
1286 2823 1396 2902 lingua

209 2938 263 3002 ea,
293 2941 379 3004 quam
411 2926 520 2986 natura
539 2923 677 2992 declines
698 2925 766 3004 ipsa
789 2922 910 3001 docuit,
941 2938 991 2982 res
1014 2918 1133 2982 divinas
1156 2941 1193 2984 ac
1217 2925 1396 3004 spirituales

209 3025 417 3088 renuntiarunt
448 3026 642 3108 simplicitate
663 3025 717 3088 illa
741 3029 774 3086 et
795 3026 928 3086 veritate
949 3023 1115 3101 sermonis,
1142 3025 1227 3088 euius
1250 3027 1304 3088 vix
1326 3048 1395 3106 gu-

209 3125 289 3185 stum
317 3141 375 3184 nos
397 3122 612 3190 Occidentales
636 3128 800 3212 percipere
822 3126 985 3206 possimus.
1028 3124 1093 3188 Sed
1119 3125 1156 3187 dc
1181 3127 1272 3245 Syris
1293 3147 1396 3214 neque

209 3219 269 3285 hoc
288 3241 388 3305 neque
410 3224 484 3287 illud
507 3228 677 3307 praedicari
699 3228 814 3308 potest.

311 3322 441 3388 Sublata
471 3332 571 3402 autem
594 3329 740 3390 sermonis
763 3327 821 3390 luae
845 3323 1038 3405 simplicitate
1062 3331 1095 3391 et
1118 3331 1249 3392 veritate
1274 3331 1394 3414 nativa,

211 3439 289 3506 qnae
321 3424 436 3488 demum
467 3430 557 3510 copia
589 3430 655 3490 eius
686 3431 718 3490 et
745 3419 869 3492 ubertas
898 3425 1076 3498 scaturiret*
1104 3429 1198 3512 Apud
1222 3430 1396 3495 Aramaeos

212 3525 295 3586 notio
325 3527 457 3592 radicum
479 3529 621 3613 primaria
646 3531 841 3612 iampridem
864 3529 1174 3594 interiissevidetur.
1220 3513 1409 3614 llxoptavil·

212 3622 281 3688 olim
304 3629 353 3690 vir
374 3650 506 3694 summus
525 3632 675 3695 Alhertus
697 3633 909 3697 Schulteusius
931 3629 1063 3714 (Origg.
1083 3633 1177 3696 Helu.
1198 3633 1301 3711 Lugd
1322 3633 1394 3698 Bat-

212 3727 262 3790 ed.
283 3727 324 3792 ll.
347 3750 423 3812 pag.
444 3731 558 3818 190.)λ
575 3737 608 3797 ot
630 3725 707 3818 post
726 3735 835 3798 editam
849 3732 1067 3798 Bibliothecam
1085 3734 1164 3796 illam
1185 3737 1394 3816 praestantis-

212 3830 315 3894 elraam
335 3830 523 3902 Assenanns
544 3853 656 3902 novum
677 3837 798 3900 lexicon
812 3836 1165 3915 syriacumsercsrct·,
1194 3837 1275 3918 quod
1297 3841 1404 3924 retu-¹

214 3932 292 3991 stam
317 3931 439 3996 dialecti
459 3934 546 3998 lruius
565 3938 694 4006 indolem
717 3941 750 4000 et
772 3937 992 4014 abundantiam„
1002 3936 1192 4000 hauriendam
1213 3937 1319 4014 dareta
1338 3941 1396 4002 sed

212 4034 289 4096 vota
316 4031 410 4096 lexicl
433 4033 557 4116 Syriaci
586 4039 627 4103 ad
647 4041 752 4101 nostra
778 4053 878 4118 usque
898 4041 1037 4120 tempora
1060 4037 1260 4121 apermultis
1280 4042 1397 4106 frustra

213 4133 346 4214 prolato.
390 4137 497 4222 Neque
525 4158 602 4205 uero
627 4143 712 4204 recte
734 4139 760 4200 si
782 4139 882 4200 iudico
904 4139 1024 4201 multum
1046 4138 1239 4203 emolumenti
1261 4155 1395 4223 capere-

215 4235 266 4298 tur
296 4253 336 4298 ex
363 4235 464 4303 lexico
485 4243 619 4324 Syriaco
652 4241 691 4305 ad
711 4242 909 4324 primigenias
930 4260 1039 4304 vocum
1063 4241 1272 4307 Semiticarur'n
1294 4245 1398 4326 signi-

221 4337 379 4403 ficationes
403 4346 571 4425 eruendas,
598 4345 764 4426 propterea
788 4343 867 4425 quod
889 4344 996 4424 lingua
1018 4344 1172 4418 Mamaea
1194 4365 1318 4432 prorsus
1338 4348 1399 4414 ioa-
