2956 5004
1203 287 1279 405 mc

87 473 164 532 suut
194 469 223 530 in
253 485 328 550 spe,
364 469 505 550 tanquam
529 472 634 532 essent
656 470 685 530 in
710 472 780 533 actu
803 466 964 552 (ellectu),
997 470 1029 531 ct
1049 471 1097 530 ost
1120 457 1271 534 revelatio

89 569 332 656 (manifestatio)
357 589 474 651 eornm,
504 591 580 655 qnae
605 591 664 634 uon
687 567 923 654 conspiciuntur.
977 571 1068 632 rides
1093 571 1188 648 igitur
1210 593 1272 654 nes,

89 695 172 758 quas
197 694 215 735 a
240 674 309 734 Deo
333 675 499 753 promissas
523 679 555 738 ot
575 675 671 738 verbo
694 675 796 735 divino
819 675 994 756 propositas
1018 659 1193 756 speramus,
1235 695 1272 738 ea

89 777 295 858 persuasione
333 779 365 838 ct
395 777 537 838 veritatis
568 778 706 840 firmitate
736 777 924 856 amplectitur
953 779 985 838 ct
1014 777 1146 856 obtinet,
1187 781 1272 861 quasi

90 881 154 942 iam
183 880 289 940 essent
310 879 340 938 in
360 878 461 952 iact03
489 880 589 940 lutura
611 883 644 941 nt
666 879 857 960 praesentia,
888 879 1036 957 promissa
1059 881 1091 940 nt
1112 883 1273 962 praestita,

90 999 132 1042 ea
162 998 239 1060 quae
263 979 330 1041 solo
354 979 449 1041 verbo
472 982 677 1060 continentur,
712 983 746 1042 ut
767 998 800 1041 re
824 981 890 1060 ipsa
915 981 1093 1060 apparentia
1118 963 1272 1062 possidet3

90 1081 200 1142 eadem
224 1083 273 1142 est
293 1082 496 1144 manifestatio
520 1084 551 1143 et
573 1081 723 1145 revelatio
747 1101 845 1146 rerum
870 1099 989 1160 carum,
1018 1100 1095 1164 quae
1117 1101 1175 1143 non
1196 1105 1272 1164 con-

90 1184 280 1264 spiciuntur,
313 1183 356 1245 ita
381 1187 415 1246 nt
437 1202 487 1244 res
509 1183 632 1245 divinae
655 1187 687 1246 et
707 1185 876 1247 invisibiles
899 1203 1011 1246 revera
1032 1184 1150 1266 adsint,
1183 1187 1272 1249 dete-

92 1287 227 1365 gantur,
249 1301 347 1347 coram
373 1285 508 1346 omnibus
531 1287 760 1349 manifestentur
781 1289 811 1348 et
825 1285 989 1367 probentur
1004 1289 1072 1368 ipsa
1086 1287 1155 1348 inde.
1199 1289 1273 1352 Vox

91 1419 226 1498 Syriaca
265 1393 447 1507 llmssoao'l
484 1437 540 1499 per
571 1438 605 1480 se
639 1422 707 1500 ipsa
737 1419 829 1482 mullo
859 1421 957 1498 magis
980 1440 1065 1502 quam
1090 1421 1272 1486 Graecorum

92 1538 199 1610 πίστις
234 1538 306 1600 lidoi
341 1519 491 1600 notionem
525 1555 627 1600 veram
650 1535 818 1617 'exprimit3
863 1557 929 1600 naor
969 1556 1033 1602 eam
1067 1541 1154 1602 animi
1182 1543 1272 1603 indo-

93 1633 154 1700 lcn'n
189 1642 300 1720 innuit,
334 1659 393 1721 qua
426 1657 505 1722 qnae
539 1658 615 1702 vera
645 1643 722 1704 sunt
757 1659 814 1721 pro
845 1641 930 1702 veris
957 1639 1105 1720 habentur
1135 1645 1167 1706 et
1194 1643 1273 1704 lldu-
1315 1699 1316 1702 ,

95 1743 144 1804 oia
184 1743 285 1806 cordis
321 1741 530 1806 collocatnr'
522 1761 551 1804 m
586 1760 642 1822 eo,
676 1742 757 1826 quod
785 1746 816 1806 el
838 1743 1038 1806 firmissimum
1069 1747 1119 1810 et
1132 1747 1272 1816 certissi-

95 1893 173 1935 mum
196 1875 256 1938 est·
298 1875 384 1938 Rom.
407 1875 468 1957 lll,
498 1875 551 1938 25
575 1877 675 1955 Syrus
697 1879 810 1940 vertit.
842 1868 979 1938 (τι-Ὦ.
980 1887 1014 1936 α)
1031 1875 1154 1980 >οΓοξ
1172 1865 1274 1955 ὶ..ισι

153 1999 315 2086 metim?
333 1987 561 2084 llo-memo
588 1997 719 2082 lamo»
734 1965 848 2082 lon&
876 2014 945 2092 ille,
978 2032 1078 2096 quem
1087 2034 1105 2076 a
1128 2017 1275 2126 principio

95 2126 293 2212 (antiquitus)
328 2131 432 2211 posuit
461 2129 547 2190 Deus
584 2129 824 2208 propitiatorium
854 2130 925 2216 (pp.
953 2149 1016 2192 rem
1046 2150 1073 2192 s
1104 2149 1274 2212 personam,

96 2235 225 2312 propter
252 2252 339 2315 quam
372 2235 405 2294 et
429 2233 458 2293 in
485 2249 545 2315 qua
574 2231 659 2292 Deus
683 2237 825 2310 parceret
849 2237 881 2296 et
904 2233 1094 2312 indulgeret,
1119 2235 1274 2315 quominus

96 2335 252 2399 occideret
282 2338 315 2398 et
335 2332 495 2417 perderet)
519 2334 548 2394 in
570 2333 645 2412 lide,
681 2351 760 2415 quae
782 2339 831 2398 cst
853 2337 882 2396 in
903 2337 1050 2414 sanguine
1069 2335 1163 2414 illius,
1198 2357 1275 2416 pro-

96 2419 317 2520 pter'peccuta
336 2419 459 2515 nostra,
477 2453 571 2516 ¹quac·
589 2438 678 2498 antea
699 2437 912 2516 peccavimuS,
934 2473 973 2482 --
998 2439 1026 2498 in
1051 2439 1168 2517 spatio,
1192 2439 1272 2518 quod

97 2539 183 2602 dedit
215 2540 300 2600 uobis
331 2539 474 2610 Deus·in
501 2529 732 2615 longanimitate
759 2557 815 2599 sua
844 2539 881 2600 ad
911 2539 1113 2601 ostensionem
1141 2541 1273 2603 iustitiae
1397 2529 1404 2534 ⁵

97 2661 189 2721 suae,
220 2661 297 2724 quae
320 2643 369 2705 est
391 2640 419 2700 in
443 2645 577 2722 tempore
600 2639 674 2703 hoc:
705 2644 737 2702 ut
758 2641 826 2722 ipse
849 2642 889 2704 sit
907 2643 1004 2703 iustus
1028 2645 1060 2704 et
1079 2641 1224 2706 iustificet
1244 2644 1294 2703 in·

97 2775 278 2840 rectumne
316 2793 343 2834 s.
372 2774 530 2856 firmitate,
561 2776 716 2856 pronitate
748 2751 927 2872 (iloni-'20
955 2745 1202 2874 ‘amolinum
1226 2780 1275 2860 qu

98 2912 149 2973 est
171 2909 280 2972 infide
300 2907 370 2987 illu,
392 2926 469 2990 quaa
489 2909 546 2980 ‚cst
558 2907 678 2970 Domini
701 2909 798 2972 nostri
816 2908 841 2970 Ι.
867 2907 938 2972 Chr.
981 2909 1098 2978 ,Vocem
1117 2888 1276 2986 llfflbo
1386 3002 1392 3007 ἱ

98 3045 217 3090 exano
238 3027 352 3090 addens
369 3025 469 3105 Syrus
492 3027 603 3107 innuit,
624 3029 690 3090 lieri
710 3029 740 3088 in
753 3027 867 3088 iustitia
880 3030 911 3090 et
926 3029 1073 3110 veritate,
1088 3047 1170 3107 ergo
1189 3049 1274 3090 unam

99 3129 209 3190 firmam
223 3132 397 3209 certamque
412 3145 482 3190 esse
495 3147 560 3192 eam
574 3130 828 3208 iustificationem,
853 3147 910 3209 qua
925 3129 1010 3192 Deus
1022 3133 1120 3220 iustus
1134 3132 1277 3194 iustificat

99 3231 260 3294 credentes
276 3233 304 3292 in
318 3229 344 3290 l.
361 3228 398 3293 C.
425 3229 503 3292 Phil.
517 3231 571 3312 lll,
585 3231 617 3298 9
634 3235 666 3294 ut
681 3227 818 3311 reperiar
830 3231 860 3291 in
875 3231 938 3312 illo,
956 3232 1006 3294 ubl
1024 3251 1082 3294 non
1097 3238 1146 3296 est
1159 3236 1275 3298 iustitia

100 3333 157 3394 roei
178 3335 292 3414 ipsius,
322 3333 375 3394 illa
398 3342 478 3416 quac
501 3333 656 3414 exlege,
685 3333 740 3394 sed
764 3333 815 3394 illa
838 3347 916 3416 quae
937 3337 986 3396 est
1007 3353 1049 3397 ex
1069 3335 1128 3399 fide
1150 3336 1277 3416 Christi,

100 3453 178 3517 quae
201 3436 383 3498 estiustitia
405 3439 558 3517 quaeest
580 3455 598 3498 a
619 3433 695 3520 (cx)
717 3434 797 3498 D'co.
842 3435 1029 3518 Quibuscum
1051 3440 1152 3499 verba
1172 3459 1201 3499 u.
1228 3436 1276 3499 10.

99 3533 172 3618 (τοῦ
199 3541 310 3616 γνῶναι
332 3532 442 3620 adedo)
465 3537 568 3618 Syrus
589 3541 632 3602 ita
656 3539 838 3616 connexuit,
876 3543 909 3600 nt
928 3541 959 3600 in
980 3541 1040 3602 lide
1063 3539 1139 3602 hano
1162 3541 1277 3618 cogni-

99 3671 209 3733 tionem
238 3669 326 3772 sltam
355 3687 425 3732 csse
451 3673 582 3736 scribat:
617 3655 753 3747 9209ιί
772 3677 864 3746 <5102
886 3673 916 3733 ln
941 3690 1000 3753 qua
1030 3691 1057 3734 s.
1079 3674 1112 3736 ut
1133 3691 1188 3754 por
1211 3691 1276 3735 eam

100 3773 284 3867 cognoscam
321 3783 420 3848 lesum
456 3792 488 3852 ct
522 3791 582 3852 vim
612 3790 842 3854 resurrectionis
869 3789 935 3852 eins
965 3791 999 3854 et
1026 3790 1093 3852 liam
1122 3793 1277 3876 particeps

100 3890 273 3971 passionum
301 3891 366 3952 eius
392 3893 452 3953 eto.

202 4055 406 4121 Veruntamen
446 4079 484 4122 nc
520 4062 563 4124 ita
598 4060 716 4143 quidem
756 4063 908 4144 interpres
936 4061 1055 4144 Syrus,
1097 4063 1171 4126 licet
1201 4050 1292 4125 satis

99 4161 177 4222 hene
215 4161 253 4222 de
291 4158 350 4224 lida
385 4163 525 4226 docuisse
565 4165 724 4244 uideatur,
763 4168 923 4251 expertem
963 4183 998 4227 se
1028 4166 1170 4250 servavit
1197 4155 1277 4226 illius

99 4264 230 4343 erroris,
261 4264 340 4346 quod
371 4283 429 4328 non
459 4269 517 4330 tam
547 4267 605 4328 lide
633 4285 720 4348 quam
754 4269 897 4390 operibus
926 4284 1003 4330 vera
1030 4246 1130 4346 pietas
1160 4270 1192 4331 ot
1222 4285 1279 4329 re-

99 4362 176 4442 ligio
200 4367 329 4432 constet.
374 4367 443 4430 Gal.
464 4368 509 4447 V,
539 4367 588 4432 16.
610 4372 713 4442 πίστις
738 4365 816 4432 διΗ
794 4366 914 4450 cydone
934 4368 1135 4452 ἐνεργουμένη
1157 4391 1175 4432 a
1195 4368 1279 4450 Syro
