2956 5004
217 297 283 362 960

219 472 339 549 ber'gae
369 469 451 533 edita
478 472 537 540 uiri
568 472 672 532 summi
701 471 796 534 verba
829 473 988 551 praestare
1013 473 1071 533 ιιιιι
1094 470 1215 547 integra
1237 471 1269 530 et
1294 471 1407 549 puris-

219 575 313 660 sima3
344 574 443 634 tamen
466 573 657 653 exploratum
681 576 748 650 est,
777 575 808 633 et
828 574 941 642 omissa
962 573 1100 635 nonnullo
1124 577 1155 634 ct
1177 572 1297 634 variata
1316 590 1407 632 esse.

219 675 382 740 Gonl'essio
412 671 598 758 Augustiana
626 695 645 739 a
674 676 849 748 Melantene
885 667 953 755 ips'o
983 673 1073 744 ¹edita
1110 675 1157 736 cui
1193 675 1406 754 suspicionem

218 781 343 841 nroveat
375 772 640 856 interpolationis?
679 782 777 840 tauma
806 793 843 838 ne
872 777 924 840 illa
955 777 1072 857 quidem
1105 777 1255 838 invariata
1277 779 1405 846 rnansit.

217 882 324 963 ltaque
357 882 517 978 postquam
547 880 586 940 ab
615 878 770 942 ecclesis
787 878 921 940 (trientis
945 877 1163 958 Apostolorum
1190 880 1306 958 scripta
1332 899 1403 958 pro

216 1001 319 1045 norma
346 984 431 1044 vitae
455 983 486 1043 et
509 981 665 1070 doctrinae
690 984 817 1061 accepta
840 982 926 1057 sumi,
952 982 1074 1060 primunr
1098 981 1136 1038 de
1158 979 1402 1059 idequaeren-

217 1087 283 1148 dnm
312 1089 378 1165 ιιι,
410 1101 477 1145 num
507 1083 786 1164 ιιιιιιιιιιιιιιι
726 1079 879 1144 andstites
900 1085 933 1144 et
955 1080 1130 1146 doctores-⁹
1109 1101 1151 1142 ιιι
1173 1080 1402 1162 Apostolorum

196 1191 318 1252 «uerbis
347 1181 546 1269 perstiterint
591 1185 664 1270 Quis
692 1167 846 1249 institutas
873 1201 931 1246 non
952 1183 1044 1254 babet
1067 1184 1287 1266 Apostolorum
1314 1205 1401 1267 que-

214 1292 296 1354 relas
327 1291 365 1351 de
388 1289 583 1352 ecclesiarum
607 1290 783 1370 apostasii,
814 1287 851 1350 de
875 1267 1169 1369 pseudoprophetis,
1196 1289 1235 1348 de
1257 1289 1403 1353 doctrina

214 1395 402 1472 adulterata,
441 1392 479 1452 de
509 1393 608 1455 scissa
638 1389 726 1470 pace.
770 1375 872 1470 Atque
903 1391 970 1472 quis
991 1391 1109 1452 tandem
1134 1393 1205 1470 est,
1225 1392 1276 1472 qui
1299 1392 1400 1471 Apo-

214 1496 358 1558 stolorum
397 1494 521 1573 scriptis
561 1511 626 1556 oum
660 1493 860 1572 scriptoribus
897 1512 981 1554 sace.
1017 1493 1055 1553 ll.
1086 1491 1206 1554 collatis
1234 1494 1399 1556 discrimen

214 1603 371 1661 maximum
398 1615 457 1658 non
479 1581 668 1658 attenderit?
698 1597 777 1656 Sunt
799 1613 873 1656 sane
895 1599 1015 1658 nostro·
1010 1598 1158 1674 tempore
1181 1597 1238 1656 viri
1262 1596 1397 1656 niaxima

212 1701 387 1777 sagacitate
422 1692 572 1778 praediti,
606 1697 654 1776 qui
689 1697 767 1758 inter
795 1697 967 1774 Evangelia
997 1701 1029 1758 et
1061 1697 1234 1760 Clementis*
1253 1695 1398 1758 homilias

206 1801 269 1863 'vix
289 1801 410 1862 multum
433 1779 583 1862 interesse
602 1795 721 1876 putent.
747 1799 984 1879 ¹Apostolorum
1007 1802 1138 1880 scripta,
1167 1798 1273 1878 quibus
1297 1798 1396 1861 Verbi

212 1905 305 1966 divini
327 1907 359 1967 et
379 1904 513 1984 Spiritus
537 1900 642 1964 Sancti
665 1901 859 1973 characteres
883 1904 925 1964 ita
949 1903 1088 1982 impressi
1108 1905 1193 1978 sunt,
1228 1905 1259 1962 ut
1278 1903 1396 1964 stimu-

211 2007 250 2066 lis
271 2024 373 2068 eorum
397 2009 429 2068 ιι
450 2005 566 2069 aculeis
587 1999 781 2067 barbarorum
803 2004 950 2068 bominum
975 2005 1068 2068 corda
1091 2007 1288 2082 compuncta,
1316 2024 1391 2066 eer-

212 2110 306 2170 monis
328 2109 437 2172 ardore
462 2111 493 2170 et
514 2108 674 2170 maiestate
683 2109 820 2192 ingenia
843 2127 957 2168 somma
979 2107 1146 2182 commota,
1176 2110 1290 2182 gentes
1310 2125 1394 2169 con-

211 2229 340 2289 versae,
373 2209 496 2272 saecula
525 2211 676 2270 renovata
703 2209 779 2288 sint,
809 2207 1065 2289 Apostolorum
1053 2225 1172 2287 anquam
1194 2211 1307 2290 scripta
1329 2229 1393 2273 no-

211 2314 267 2375 stri
287 2313 443 2392 temporis'
470 2312 583 2374 criticis
610 2311 713 2372 cadem
740 2309 822 2390 loqui
851 2312 992 2374 videntur
1020 2327 1095 2390 quae
1126 2307 1291 2374 Clementis
1317 2312 1392 2375 Re-

207 2415 403 2505 cognitiones
425 2416 457 2475 et
473 2414 588 2476 somnia
604 2411 825 2478 Gnosticorum.
867 2410 1034 2476 Gouieranl
1047 2413 1090 2474 illi
1106 2415 1222 2474 textum
1240 2413 1392 2478 Graecum

210 2519 242 2577 et
272 2517 444 2579 versionem
476 2498 667 2610 Syriacam,
691 2518 725 2576 ιιι
754 2533 831 2596 quiae
858 2516 900 2578 ιιι
929 2517 1084 2580 doctrinae
1114 2516 1279 2578 diuersitas
1300 2535 1389 2582 saec.

209 2618 233 2679 l.
272 2622 304 2682 et
334 2601 379 2680 ll.
417 2621 640 2698 cognoscant.
667 2616 855 2680 Adulteratur
890 2622 988 2681 autem
1013 2619 1169 2686 ,doctriua
1196 2635 1257 2680 non
1286 2623 1391 2700 potnit

209 2719 368 2802 Scriptura
396 2721 455 2782 rion
485 2699 577 2788 ιιίιιιι.
621 2721 779 2799 Scriptura
801 2719 950 2799 Syrorum
975 2721 1087 2802 partim'
1108 2738 1213 2781 rnanca
1237 2725 1295 2782 est‘
1309 2741 1388 2801 par-

209 2823 260 2887 tim
291 2825 471 2908 adulterata.
524 2811 591 2907 Quid
621 2827 756 2901 tempore
779 2819 883 2886 Canen
909 2844 974 2886 euna
1003 2823 1042 2884 ad
1065 2821 1181 2882 modum
1204 2825 1387 2886 constitutus

208 2927 265 3005 sit,
303 2927 402 3009 qualis
432 2927 522 3006 Syris
555 2928 700 3006 acceptus
728 2926 793 3002 est,
832 2923 954 2988 diiiicile
984 2928 1034 2988 est
1061 2922 1251 3004 explicare„
1283 2927 1386 3007 Supra

208 3031 393 3118 monuimus,
414 3016 612 3108 lipbraenrunr
634 3026 828 3106 Apocalypsi
850 3031 883 3088 et
906 3027 1045 3108 epistolis
1065 3026 1223 3090 catholicis
1249 3031 1385 3106 omnibus

189 3133 241 3193 Κιιι
276 3131 361 3191 libris
397 3130 574 3210 apostolicis
611 3147 697 3190 usum
733 3146 815 3188 csse.
865 3130 951 3192 Unde
976 3132 1104 3208 liuglus
1141 3133 1382 3208 argumentatur,

86 3261 91 3270 ·
206 3229 421 3312 Apocalypsin
441 3235 513 3312 post
528 3230 690 3312 Ephraemi
710 3234 847 3311 tempora
865 3249 905 3292 ex
921 3233 1026 3294 codice
1042 3233 1080 3294 N.
1096 3231 1134 3294 T.
1149 3237 1292 3302 remotam
1309 3253 1381 3294 esse

205 3350 304 3415 neque
335 3333 399 3394 eius
428 3329 600 3419 versionem
630 3331 816 3413 Syriacam.
839 3353 899 3416 qua
930 3336 981 3406 ille
1010 3355 1082 3410 ursus
1111 3337 1168 3412 sit,
1195 3336 1232 3396 ad
1254 3337 1381 3398 saecula

203 3425 377 3514 posteriora
407 3437 600 3520 pervenisse.
651 3433 764 3498 Nescio
797 3439 933 3516 omnine,
969 3457 1035 3498 num
1066 3438 1104 3498 de
1131 3435 1252 3500 Conone
1283 3436 1322 3500 V.
1345 3442 1381 3500 et

179 3535 242 3597 'N.
267 3537 305 3598 Τ.
328 3537 515 3602 traditionem
543 3537 654 3598 lirmam
684 3539 717 3598 et
745 3543 932 3602 constantem
955 3545 1008 3602 aut
1025 3533 1230 3606 'Conciliorum
1253 3539 1380 3604 decreta

203 3638 277 3718 Syri
304 3642 401 3704 secuti
423 3641 493 3702 sint.
538 3639 676 3702 Laudant
698 3641 814 3719 quidem
838 3639 979 3712 canones
1000 3643 1186 3724 apostolicos
1208 3646 1241 3704 et
1263 3643 1380 3705 Laodi-

202 3759 294 3804 cenos
323 3743 415 3804 Bar-
431 3741 591 3806 Hebraeus
620 3745 653 3804 et
680 3743 876 3806 Benassalius
894 3743 942 3828 ¹),
980 3751 1012 3810 at
1039 3765 1115 3808 vero
1145 3747 1174 3806 in
1205 3745 1379 3806 universum

201 3845 287 3906 tanta
307 3843 448 3906 librorum
463 3845 661 3924 perturbatio
684 3848 734 3909 est
755 3849 883 3908 maxime
906 3849 935 3908 in
950 3847 998 3909 .V.
1020 3849 1078 3925 Τ.’,
1101 3849 1134 3908 ut
1156 3845 1222 3907 iere
1246 3834 1284 3908 ad
1304 3847 1377 3908 libi-

201 3945 260 4008 tum
283 3945 377 4010 libros
399 3948 559 4026 accepisse
581 3949 613 4008 ιι
636 3946 822 4025 reprobasse
847 3951 1018 4012 videantur.
1060 3949 1092 4010 ln
1117 3947 1243 4012 Ganone
1266 3949 1374 4012 libed-

198 4048 264 4108 iesu
301 4048 450 4112 Sobensis
485 4039 663 4108 adiiciuntur
700 4045 786 4111 libris
819 4051 858 4112 V.
889 4051 928 4112 Τ.
949 4035 1057 4131 ‘ipsius
1088 4050 1210 4132 losepbi
1240 4050 1309 4112 libri
1343 4057 1376 4133 eft

197 4151 318 4215 traditio
349 4151 527 4228 seniorum,
566 4167 651 4228 quam
683 4147 869 4230 Assemanus
894 4152 1060 4217 iliisclmum
1087 4151 1179 4214 babet
1207 4172 1226 4224 a
1254 4152 1376 4216 ludaeis

200 4292 399 4311 ιιι-...ΨΜ

296 4378 326 4446 1)
339 4377 385 4432 'Gi
404 4379 507 4436 Assem.
526 4381 555 4436 B.
575 4381 605 4437 0.
624 4381 657 4440 ll.
677 4401 702 4454 p.
722 4387 746 4440 5.
766 4387 791 4441 6-
