3006 5004
211 291 276 358 ale

213 464 367 546 plerisque
403 460 481 524 loeis
514 459 712 522 emendatam.
764 457 857 520 llebr.
888 457 939 538 ll,
963 458 996 522 9.
1015 457 1154 532 ,exhibet
1181 459 1407 524 Nestorianam

214 569 391 644 lectionem,
420 581 514 645 quare
532 563 634 641 codex,
655 561 948 640 lleidellrergensis,
977 581 1037 643 quo
1060 562 1112 624 ille
1137 566 1300 644 usnsest,
1332 582 1406 643 po-

214 675 284 732 stea
309 686 374 736 cum
405 663 588 738 bibliotheca
617 664 874 741 lleidelliergeusi
896 664 1021 726 Romam
1053 665 1236 745 translatus,
1260 667 1406 746 scriptus

214 772 335 834 videtur
355 788 374 830 a
396 768 462 828 viro
486 769 669 830 Nestoriano
686 765 725 849 Ι).
766 763 1103 846 HenricirsSteplralms
1117 765 1264 830 (lenense
1285 767 1404 828 librum

214 872 372 940 excudit,
394 869 553 930 Rationem
583 868 724 932 editionis
747 867 969 938 ‘l'remellianae
997 869 1063 933 fere
1094 871 1238 930 cenriuern
1263 889 1406 936 accura-

214 977 274 1036 tius
296 971 502 1054 descripsisse
521 957 612 1058 video
631 975 755 1050 praeter
773 970 929 1032 Brunsium
949 967 1074 1051 (llichln
1095 973 1222 1053 ltepert.
1243 971 1336 1052 XV.)
1355 967 1402 1054 ²).

215 1077 248 1140 ln
278 1093 315 1138 ec
346 1089 536 1168 magnopere
564 1074 707 1152 peccavit
737 1072 934 1152 Tremellius,
968 1073 1048 1154 quod
1078 1073 1212 1152 linguam
1234 1073 1403 1153 Syriacam

215 1178 460 1244 Chaldalaautenu
498 1174 577 1253 ipse·
598 1175 759 1255 lormavit,
795 1178 839 1240 ita
867 1178 900 1236 ut
932 1167 1156 1256 punctationem
1187 1176 1226 1238 ad
1254 1177 1403 1260 proprias

214 1281 344 1360 regulas
369 1277 543 1340 institueret
563 1279 596 1340 et
617 1277 722 1361 l'uturi
744 1296 828 1358 pers.
844 1277 881 1358 Ἰ3.
902 1277 958 1340 lud
978 1277 1138 1342 locoanu
1161 1279 1400 1358 praetormaiet.

214 1385 247 1450 ln
283 1385 373 1446 textu
396 1378 583 1443 'emendando
615 1397 688 1448 usus
715 1381 764 1442 est
787 1379 872 1442 libris
900 1379 997 1464 lites,
1034 1359 1278 1450 sed'lahorabat
1298 1370 1401 1438 'nimia

215 1485 379 1566 cupiditate
408 1485 524 1546 textum
556 1481 717 1560 Syriacum
737 1501 814 1544 cum
840 1483 958 1550 Graeco
982 1482 1211 1565 conformandi,¹
1241 1479 1397 1566 Noctem

215 1587 331 1650 studuit
359 1588 478 1647 textum
506 1583 596 1646 talem
620 1587 810 1664 praestare,
825 1584 932 1665 qualis,
950 1585 1154 1666 apud-Syros
1174 1585 1319 1664 receptus
1343 1584 1398 1662 sit,

215 1689 272 1752 sed
308 1687 480 1751 versionem
506 1685 665 1764 Syriacam
700 1704 726 1748 s.
757 1685 949 1750 Olraldalcam
980 1689 1091 1767 edere,
1130 1685 1229 1748 textui
1259 1686 1397 1764 genuino

217 1791 414 1860 conformem:
459 1787 578 1868 Laudat
610 1805 829 1868 saepenumero
861 1789 891 1850 in
926 1789 1008 1850 notis
1033 1787 1252 1866 marginalibus
1282 1787 1325 1848 ΙΙΙ.
1356 1787 1396 1850 S.

215 1880 492 1970 Heidelbergense.
544 1889 711 1971 Supplevit
745 1891 886 1952 editionis
915 1891 1096 1976 Viennensis
1126 1888 1253 1952 lacunas
1280 1889 1395 1952 Mattlr.

215 1993 439 2084 xxlis,17,;
477 1991 544 2054 lon.
583 1992 631 2072 V,
663 1990 735 2067 20.;
773 1992 831 2072 Vl,
856 1989 926 2066 39.;
953 1991 1169 2071 'Act-XXV,
1194 1991 1270 2067 .ll.;
1304 1993 1396 2056 Rom.

218 2098 251 2179 l,
279 2096 350 2171 17.;
380 2095 404 2159 Ι.
435 2093 513 2158 (ior.
536 2094 599 2174 ΙΙΙ,
629 2093 681 2158 22.
711 2098 788 2170 elce
819 2087 956 2158 correxit
981 2099 1082 2160 errata
1111 2089 1396 2177 (typographicae)

218 2221 270 2265 ex.
294 2217 345 2278 gr.
368 2196 480 2262 Matth.
497 2197 591 2276 XIV,
612 2195 664 2271 303
692 2197 785 2278 XVl,
809 2197 885 2291 aaa·
909 2196 983 2260 Aet.
1002 2196 1060 2276 lll,
1082 2195 1132 2270 5.;
1153 2195 1242 2258 Rom.
1262 2195 1325 2276 ΙΙΙ,
1348 2197 1395 2270 7.;

216 2301 296 2382 XV,
314 2301 369 2374 u.;
398 2299 493 2360 Helrr.
515 2296 564 2378 ll',
588 2297 632 2362 9..
665 2297 748 2360 Aliis
768 2298 845 2360 locis
866 2301 998 2378 latetur,
1027 2316 1202 2380 conpesce
1225 2317 1261 2360 se
1283 2298 1393 2360 lectio-

215 2421 300 2482 nem,
328 2419 416 2484 quam
442 2399 641 2486 adulteratam
659 2399 786 2484 debeat,
815 2419 858 2462 ex
879 2401 925 2464 ΙΙΙ.
945 2401 981 2466 S.
999 2421 1054 2478 spo
1076 2401 1251 2482 corrigere,
1283 2399 1394 2462 Mattlu.

216 2503 293 2584 Vll,
322 2500 390 2576 23.;
421 2501 531 2582 XXII,
558 2499 629 2588 234
656 2501 730 2565 Act.
755 2502 801 2583 V,
823 2495 896 2578 ille
926 2503 952 2566 Ι.
978 2503 1052 2568 Cor.
1075 2501 1153 2582 Xll,
1179 2501 1231 2566 23.
1273 2503 1393 2580 Pagina

216 2607 321 2670 ultima
342 2607 470 2678 enatant
492 2605 578 2685 apud.
594 2604 675 2668 illum
697 2605 758 2666 loci
780 2605 915 2686 quidam,
945 2608 975 2668 in
998 2625 1122 2690 quorum
1145 2606 1295 2686 scriptura
1317 2623 1393 2686 par·

144 2719 150 2728 ²
216 2711 268 2774 tim
296 2707 454 2788 peccarint
486 2723 616 2786 operae,
650 2708 759 2787 partim
775 2707 891 2798 ‘codex
916 2707 1096 2770 Viennensis
1125 2725 1168 2785 eu
1190 2705 1330 2771 lleidellr.
1352 2707 1393 2771 sit

135 2847 138 2854 ¹
216 2825 437 2905 emendandus,
464 2841 517 2885 ex.
547 2842 577 2886 c.
602 2801 713 2888 Meton.
738 2825 877 2906 XXVll,
906 2825 951 2888 20
973 2799 1125 2937 &0⁰²3
1142 2807 1284 2908 lfa-i?
1303 2825 1392 2893 lleid.

126 2942 129 2952 “
217 2935 399 3072 mxima,
423 2960 494 3023 uren
510 2956 642 3038 Raphel.
664 2963 696 3024 et
715 2956 899 3066 canneru.
914 2959 989 3024 cue.
1005 2961 1100 3042 urv,
1123 2958 1177 3026 uu.
1194 2943 1393 3034 amomo

112 3161 121 3166 .
218 3095 309 3158 lleid.
337 3097 377 3172 ὠ
392 3090 522 3172 Guelpln.
540 3077 738 3198 ιοὶλὼῡ,

320 3199 438 3274 Tertia·
456 3211 571 3291 prodiit
601 3213 693 3274 editio
722 3214 875 3276 vcrsIonis
898 3214 1049 3294 Syriacae
1072 3231 1114 3276 ex
1135 3215 1256 3277 olicino
1276 3213 1392 3275 Plenti-

217 3313 307 3374 niaua
341 3330 370 3372 n.
405 3311 501 3377 1572.
530 3315 559 3374 in
589 3317 670 3376 tomo
703 3315 812 3395 quinto
838 3315 1171 3396 Polyglottorum
1201 3297 1390 3394 A'ntverp.

219 3413 343 3477 Textus
363 3416 395 3477 et
407 3413 546 3506 Syriacis
560 3418 592 3479 et
606 3414 764 3482 Hebraicis
777 3415 889 3478 litteris
911 3419 1111 3496 conslgnatus
1137 3421 1193 3480 est.
1235 3415 1391 3478 Fabricius

219 3517 409 3579 Boderianus
432 3516 532 3579 editor
553 3519 582 3579 in
603 3513 793 3598 praelatione
815 3519 905 3582 dicit:
935 3519 1075 3600 „Syrum
1098 3520 1138 3601 N,
1159 3514 1199 3580 Τ.
1220 3520 1391 3581 contextum

220 3639 238 3682 a
260 3636 306 3680 me
330 3619 440 3681 litteris
461 3618 613 3690 llebraeis
636 3620 819 3702 descriptum
842 3623 1007 3702 diligenter
1027 3619 1200 3698 recognovi
1220 3623 1309 3702 atquc
1330 3639 1391 3682 oum

220 3722 430 3784 vetustissimo
453 3722 621 3804 exemplari
635 3722 718 3803 Syro
732 3723 776 3785 M.
791 3722 828 3788 S.
843 3721 888 3808 (a.
904 3723 975 3788 Chr.
997 3721 1097 3806 1173)
1111 3722 1261 3802 religiose
1275 3719 1392 3784 contuli.

219 3820 299 3884 Illud
333 3826 434 3885 antem
465 3826 704 3892 vetustissimum
733 3825 892 3908 exemplar
924 3827 1046 3890 allatum
1074 3826 1175 3888 luerat
1201 3842 1243 3886 ex
1275 3823 1393 3887 Oriente

295 4143 299 4149 .
328 4090 357 4160 t)
380 4089 504 4146 Andreas
528 4091 644 4148 Mueller
673 4094 706 4153 de
729 4093 781 4149 lroc
806 4095 898 4150 codice
923 4097 1110 4166 antiquissimo
1137 4057 1198 4150 esse
1221 4092 1391 4170 consulendos

221 4177 286 4230 dicit
303 4173 423 4245 llutgher
440 4174 510 4246 Spey
528 4175 726 4246 Bepardianum
746 4185 772 4233 et
787 4179 898 4234 lunium.
936 4189 941 4198 “

214 4319 219 4325 .
325 4275 357 4344 2)
381 4275 464 4330 Liber
489 4289 568 4332 nanus
591 4277 705 4335 vitetur.
741 4275 835 4332 Exstat
854 4276 1023 4334 inluihliotlu.
1042 4276 1152 4334 llalenul
1169 4275 1277 4332 Mariae
1295 4278 1393 4330 nomine

222 4361 360 4429 insignite.
