3006 5004
193 295 260 366 ata

195 470 287 536 menti
308 468 460 549 criticam,
488 466 574 533 cuius
593 469 736 548 auctores
754 465 883 530 loannes
904 437 1074 531 iliillius‘et
1088 466 1219 530 loannes
1232 463 1380 528 aberas

195 567 364 651 Bengeiius
380 571 577 652 exemerunt,
598 587 659 634 non
674 571 785 632 tantam
798 567 912 634 babere
925 571 1029 651 tidem,
1047 573 1187 652 quantam
1199 567 1334 647 speciem
1349 571 1383 630 et

197 676 318 738 ianam.
362 673 480 736 Etenim
507 675 536 735 in
565 691 621 752 eo,
649 671 731 754 quod
755 671 872 734 iiiillivs
894 673 932 736 de
956 677 1003 738 tot
1026 655 1213 736 variantibus
1237 669 1384 734 lectioni-

198 778 256 840 bus
281 776 410 856 monuit,
445 775 634 854 diligentiam
662 773 869 856 sanioremque
897 777 960 838 ,viri
989 776 1066 838 omni
1094 772 1186 836 laude
1216 773 1243 834 sl
1268 789 1384 852 prose-

201 879 338 961 quimur,
368 877 486 939 minione
508 881 608 942 tamen
629 877 659 938 in
682 875 864 942 collectione
883 881 1045 942 variarum.
1058 876 1219 940 lectionum
1245 874 1382 938 lililliana

200 983 313 1044 rectam
347 997 512 1061 veramque
538 981 683 1043 rationem
701 969 891 1056 ¹¹agnoscere
918 979 1002 1044 licet·
1056 979 1187 1050 Primum
1213 994 1252 1040 ea
1280 976 1318 1038 de
1347 993 1382 1038 re

202 1082 420 1164 vituperandus
449 1083 518 1160 est,
550 1081 629 1163 quod
652 1082 804 1144 versionis
824 1081 974 1161 Syriacae
996 1081 1101 1146 varias
1121 1080 1271 1148 lectiones
1291 1078 1384 1170 colli·-

206 1201 285 1264 gero
312 1183 393 1246 band
417 1182 584 1263 dubitavit,
621 1182 695 1247 licet
722 1185 848 1262 linguae
870 1184 974 1264 syroe
1000 1183 1113 1248 inscius
1135 1181 1385 1248 batiramdun·

204 1289 294 1352 taxat
329 1285 502 1350 versionem
534 1286 674 1348 conterre
710 1287 861 1367 potuerit3
898 1271 1221 1372 deindemagnopere
1255 1284 1385 1363 erravit,

205 1389 288 1472 quod
311 1389 492 1480 varietatem
512 1385 675 1450 lectionum
699 1388 823 1468 obtuit,
853 1407 931 1470 quae
953 1393 1003 1476 est
1023 1390 1176 1452 versionis
1196 1386 1384 1460 solumnodo

205 1492 412 1572 discrepantia
447 1510 466 1552 a
500 1494 590 1554 textu
620 1491 773 1569 originali.
823 1490 968 1556 Nostrum
996 1507 1056 1556 non
1083 1495 1149 1572 est,
1183 1492 1326 1554 aberrare
1354 1490 1386 1553 in

204 1598 324 1658 vastam
356 1594 437 1656 illam
465 1594 614 1656 variarum
643 1592 947 1673 lectionurscopiam
971 1598 1004 1658 st
1022 1594 1106 1656 vires
1131 1595 1161 1654 ln
1182 1593 1303 1672 campis
1315 1591 1386 1654 istis

205 1697 358 1776 fatigare,
393 1694 500 1776 quibus
529 1696 644 1756 tontum
666 1695 748 1758 inest
777 1709 888 1758 mense
911 1697 1168 1778 tristissimasque
1198 1694 1383 1771 solitudinis,

205 1801 345 1880 quantum
370 1796 460 1858 deest
488 1796 703 1871 renuntientur
734 1797 874 1878 praebuit
903 1802 1003 1862 tamen
1023 1798 1165 1862 bunneros
1186 1799 1289 1862 hetae
1312 1793 1386 1856 moli

206 1901 255 1962 vir
291 1898 542 1978 diligentissimus
574 1902 608 1961 et
642 1893 803 1979 weram,
847 1897 919 1963 Chr.
957 1899 1045 1979 Aug.
1079 1902 1184 1981 bede,
1222 1898 1388 1960 utrarios

206 2018 310 2064 onnes
330 2000 480 2064 lectiones
506 2018 550 2062 ex
577 2003 771 2064 versionibus
792 1999 1000 2066 Orientalibus
1022 2023 1041 2066 a
1060 2003 1158 2066 blillio
1182 2004 1216 2064 et
1235 1999 1386 2078 lieugelio

204 2104 353 2168 collectas
380 2102 514 2166 examini
543 2120 656 2166 severo
671 2104 852 2179 subiiceret.
899 2105 985 2170 Viam
1005 2107 1183 2187 praeiverat
1205 2102 1240 2168 C.
1263 2103 1298 2166 B.
1320 2101 1385 2178 Μίτ

206 2204 321 2268 abaelis
349 2205 378 2270 io
406 2205 588 2266 tractatione
615 2206 721 2269 critica
750 2206 790 2268 de
819 2207 914 2270 variis
947 2208 1127 2271 lectionibus
1155 2207 1194 2270 N.
1225 2205 1265 2268 Τ.
1295 2207 1385 2268 caute

206 2304 391 2383 colligendis
421 2307 455 2368 et
473 2305 671 2368 diiudicandis
690 2305 736 2390 ¹);
785 2308 821 2371 S.
851 2307 873 2370 Ι.
899 2310 1105 2388 Bamngarten
1136 2325 1264 2372 examen
1292 2309 1386 2372 insti·

206 2410 309 2472 tuerat
337 2406 498 2469 lectionum
518 2408 548 2468 in
571 2408 702 2489 epistola
725 2409 826 2473 iacobi
850 2413 1024 2487 ebriarentur
1063 2412 1089 2474 i.
1112 2412 1152 2474 b.
1175 2411 1333 2500 lliicbaelis
1355 2413 1386 2474 in

208 2509 351 2574 (inrisio
377 2525 462 2572 vers.
490 2509 565 2590 Syr.
586 2507 717 2573 Actuunr
742 2510 959 2593 Apostolorum
983 2518 1015 2578 et
1035 2515 1102 2596 ipse
1125 2516 1253 2578 maxime
1277 2515 1385 2578 varia·

207 2631 270 2676 rum
290 2612 450 2675 lectionum
472 2613 630 2675 rationem·
638 2609 743 2678 babuit
750 2633 761 2686 3
785 2615 900 2678 lindius
920 2623 1020 2680 autern
1043 2616 1160 2678 duobus
1184 2617 1387 2680 voluroinibus

206 2715 247 2778 ad
273 2727 380 2780 omnes
402 2713 443 2774 N.
473 2713 514 2775 Τ.
533 2713 629 2776 libros
652 2703 859 2801 allegationes
883 2719 1054 2782 versionum
1075 2717 1287 2798 Orientalium,
1316 2718 1386 2798 Sy·

204 2819 323 2898 riaeae,
347 2814 548 2878 Arabicarum
570 2813 808 2898 (Polyglottae',
831 2821 1023 2904 ilrpenianae
1041 2826 1073 2884 et
1090 2819 1281 2904 Romanae),
1304 2821 1385 2882 Per-

206 2921 335 2982 sicarum
359 2916 578 3000 [Polygnotos
596 2921 630 2980 et
644 2917 899 3006 Wbelocianaej,
923 2923 1126 3005 Aethiopicae
1150 2929 1184 2988 st
1206 2924 1386 2988 Arrnenica'e

204 3022 375 3101 recensuit,
414 3020 579 3100 reiutavit,
615 3020 790 3086 elindnavit.
842 3026 1134 3090 Pseudo-criticam
1167 3025 1386 3107 lliillio-Ben-

204 3120 357 3199 gelianam
385 3120 556 3200 appellavit
581 3123 688 3192 librum
717 3143 822 3207 soum,
852 3145 917 3190 nam
949 3130 1099 3210 apotiori
1122 3128 1186 3190 iieri
1208 3129 1385 3192 denomina-

205 3222 334 3301 tionem,
368 3221 573 3300 allegationes
604 3224 700 3287 malas
727 3243 850 3294 numero
871 3231 966 3311 longe
990 3248 1137 3312 superare
1159 3231 1264 3294 bonas.
1307 3231 1383 3292 ilem

209 3402 406 3418 Γ

313 3522 342 3590 1)
365 3520 564 3576 Demonstravit
587 3521 746 3592 Michaelis,
766 3525 880 3582 lliillium
900 3536 927 3584 et
944 3529 1100 3602 Bengelinnn
1119 3517 1306 3586 ia¹inbrieeios
1324 3545 1386 3584 esse

207 3605 302 3658 multas
327 3606 470 3672 tentiones,
504 3619 574 3678 quae
598 3625 632 3664 ne
655 3611 811 3680 legerentur
835 3613 939 3684 quidem
964 3618 991 3669 in
1013 3615 1183 3671 versionibus
1202 3613 1387 3670 Orientalibus
1466 3659 1469 3665 .

204 3688 254 3742 sed
277 3692 305 3742 in
330 3705 421 3745 earum
448 3691 577 3746 donarat
599 3697 725 3750 versione
749 3695 857 3754 Latina.
899 3698 932 3753 ll.
950 3715 1004 3755 non
1028 3701 1189 3755 observasse
1207 3701 1269 3756 ilios
1288 3699 1388 3756 idioma

206 3773 314 3842 linguae
333 3778 405 3842 eius,
424 3780 452 3831 in
471 3793 549 3848 quam
564 3807 614 3845 ·-,
633 3797 720 3852 neque
734 3785 791 3837 eius
808 3783 931 3854 linguae,
951 3801 983 3840 ex
1001 3801 1054 3856 qna
1072 3785 1145 3838 iacta
1156 3787 1193 3839 sit
1205 3787 1304 3840 vermo.
1339 3784 1387 3838 iii.

203 3871 289 3926 neque
315 3858 476 3916 observasse
499 3877 546 3916 eos
575 3863 708 3920 licentiam
735 3871 905 3938 interpretis,
934 3876 979 3942 qui
1000 3872 1055 3926 aiia
1074 3873 1193 3934 omittat,
1220 3871 1276 3924 alia
1294 3870 1384 3936 addat,

202 3941 258 3994 alie
280 3945 450 4013 transponat.
485 3946 530 4003 lV.
548 3952 688 4010 versiones
708 3949 860 4006 Orientales
877 3946 957 4024 ipsas
969 3973 1023 4011 non
1042 3961 1166 4024 expertes
1185 3970 1246 4008 csse
1264 3957 1384 4023 interpo-

201 4024 311 4080 lationis
335 4033 362 4082 et
383 4033 573 4099 corruptionis.
608 4034 640 4091 V.
660 4035 874 4106 distinguendum
893 4055 953 4096 esse
971 4045 1042 4098 inter
1059 4042 1200 4094 versiones
1219 4037 1385 4092 immediatas

200 4115 227 4164 et
251 4111 391 4166 modiatas.
419 4141 450 4156 -·
492 4112 609 4172 Palmam
624 4127 723 4188 ,auteur
748 4121 828 4190 laelio
850 4128 982 4195 praeripit
999 4127 1090 4182 versio
1110 4123 1224 4195 syriaca
1243 4123 1384 4178 orientali-

199 4193 249 4248 bus
274 4199 386 4263 ceteris,
421 4213 476 4254 non
498 4201 585 4256 solum
609 4203 681 4274 quod
706 4204 859 4258 immediata
884 4213 911 4261 et
936 4212 1126 4282 antiquissima
1150 4215 1207 4274 est,
1230 4207 1280 4262 sed
1304 4210 1382 4261 etiam

198 4277 233 4332 ob
260 4279 373 4336 indoion
398 4285 483 4338 multo
513 4286 659 4342 meliorem.
696 4285 781 4342 i’crsa
805 4290 924 4348 abundat
943 4296 1203 4365 interpretamentum
1226 4291 1315 4346 Arabs
1332 4288 1382 4346 ilr-

200 4365 272 4432 penii
292 4367 399 4422 verbnm
416 4385 494 4422 unum
514 4371 635 4438 pluribus
646 4371 768 4428 reddere
787 4381 865 4429 annot.
1248 4409 1252 4418 ·
