3014 5008
220 294 264 360 da

219 513 326 576 nempe
357 471 578 592 (μὲ-Ἆῤ
608 493 817 580 (tabularii),
840 496 991 558 Persico.
1000 509 1080 576 τις·
1081 503 1151 559 niza
1186 495 1263 559 Gerr.
1295 497 1346 578 X,
1377 498 1417 562 9.

217 608 417 718 blamed.
465 632 596 696 Restant
621 632 718 712 pauca
748 631 845 693 verba
875 632 1009 732 rariora,
1041 631 1148 716 quibus
1171 632 1415 714 interpretatio-

218 787 283 832 num
310 765 393 829 auno
412 765 618 848 apostema:
643 749 736 864 tau
764 764 818 826 uu.
850 763 929 846 xx,
959 766 1012 836 ae
1034 787 1090 849 pro
1117 766 1212 832 nour.
1235 777 1321 840 aaa
1346 766 1414 830 res.

217 901 277 981 ιιι,
298 885 464 988 atauo
494 896 545 984 (ιι
573 901 668 962 nem
695 903 789 999 asp
792 899 850 975 31·
873 899 958 978 neg
977 899 1054 980 ιιιι,
1083 899 1135 962 ιι.
1158 879 1287 1008 Ψ
1310 900 1412 963 neor.

218 1015 335 1095 uuuppu
357 1001 438 1086 (sco.
461 1003 660 1086 liphraemnm,
678 1005 802 1085 species
824 1004 971 1086 quaedam
993 1003 1170 1082 verberum,
1197 1006 1304 1085 quibus
1328 1022 1412 1066 aon-

217 1123 258 1184 lei
286 1121 370 1183 intixi
401 1122 541 1207 esseut];
571 1123 596 1185 1.
625 1123 709 1186 Sam.
731 1121 855 1202 xxiii,
881 1119 932 1187 28
955 1113 1086 1182 {Qum
1108 1121 1203 1214 ldebr.
1231 1121 1287 1210 rhu
1311 1113 1410 1203 Ephr.

174 1329 179 1346 ,
217 1239 313 1330 bb
338 1260 370 1320 et
390 1257 449 1319 alia
464 1253 505 1340 ¹),
549 1258 635 1322 Satis
658 1238 767 1352 cuique
784 1263 831 1315 ‘cx
850 1251 897 1314 his
921 1255 1070 1337 exemplis
1093 1255 1277 1318 collustratis
1303 1275 1409 1338 appa-

218 1362 341 1422 riturum
365 1376 438 1420 esse
462 1360 655 1438 arbitramur,
685 1376 728 1419 ex
752 1357 916 1420 rarioribus
939 1357 1022 1422 hisee
1047 1358 1205 1422 vocabulis
1226 1361 1286 1438 vix,
1306 1379 1343 1424 ac
1368 1379 1409 1422 ue

219 1465 275 1524 vix
304 1462 422 1544 quidem
451 1462 527 1524 certi
558 1441 627 1542 qnid
652 1461 758 1550 coniici
782 1478 877 1540 posse
902 1459 940 1522 de'
964 1463 1071 1541 patria,
1089 1460 1140 1522 vel
1164 1465 1267 1526 aetate
1289 1463 1408 1543 Syria·
1491 1503 1492 1520 ι

219 1584 274 1628 cae
297 1564 335 1644 ιζ.
356 1563 394 1632 Τ.
416 1565 594 1638 versionis;
611 1581 709 1644 neque
734 1562 831 1622 dubiis
850 1581 867 1624 a
888 1564 954 1623 viro
979 1564 1110 1648 Alioquin
1130 1564 1304 1629 doctissimo
1326 1586 1407 1648 pru-

218 1669 307 1730 motis
341 1666 507 1751 collapsam
545 1683 616 1726 csse
652 1665 835 1726 arbitramur
860 1682 925 1726 eam
947 1669 1153 1748 ,sententiam
1189 1674 1222 1732 ut
1251 1672 1281 1732 in
1308 1671 1408 1750 Syria

219 1767 366 1830 Orientali
387 1769 529 1850 scriptam
551 1757 631 1829 illam
657 1784 728 1838 esse
754 1769 953 1846 statuamus„
1022 1763 1025 1770 ’
1066 1773 1092 1805 -’

706 1955 915 1966 ——--——

702 2101 917 2209 Eronosus
950 2133 954 2142 '

264 2246 319 2344 lle
343 2237 667 2365 Mesopotamiae
695 2287 802 2346 statu
825 2256 985 2366 primis·
1001 2301 1030 2366 p.
1061 2279 1145 2346 Chr.
1174 2280 1363 2348 saeculis

491 2419 494 2426 ·
581 2393 708 2482 deque
737 2395 902 2502 Abgaro
931 2416 1042 2481 rege.
1075 2401 1087 2422 ⁶

278 2555 432 2640 Neque
451 2551 636 2616 iniucundum
659 2550 825 2615 lectoribus
848 2571 947 2635 neque
967 2571 985 2614 a
1004 2555 1184 2635 quaestione
1202 2555 1308 2614 nostra
1323 2555 1403 2616 alic-

219 2677 286 2720 uum
318 2659 384 2720 iore
414 2651 588 2737 speramus,
627 2629 706 2740 quod
731 2655 973 2760 Mesopotamiae
1002 2655 1156 2752 historiam
1188 2655 1403 2718 Arsacidarum

220 2762 407 2849 temporibus
437 2757 570 2836 caligine
601 2759 685 2822 tanta
716 2741 895 2840 nebulisque
928 2775 1126 2840 oppressam,
1156 2762 1190 2822 ut
1220 2760 1277 2820 vix
1307 2779 1403 2844 posse

219 2864 364 2928 illustrari
394 2861 553 2942 videatur,
590 2861 697 2942 paucis
717 2858 777 2924 hoc
799 2861 914 2952 loco,
917 2863 951 2924 ut
973 2879 1030 2942 par
1055 2864 1121 2936 est
1137 2861 1251 2924 uiribus
1280 2864 1404 2944 uostris,

224 3029 425 3046 W—

221 3145 342 3214 exempla
358 3149 421 3232 sunt
436 3147 523 3216 neque
541 3145 624 3198 multa
641 3149 727 3216 ueqde
744 3149 803 3200 eius
820 3147 945 3216 generis,
966 3123 999 3209 ut
1011 3143 1162 3216 Ephraemo
1180 3161 1256 3200 usum
1274 3144 1403 3216 quendam

222 3229 411 3298 ‘largumistae
429 3237 503 3283 certo
521 3229 659 3283 vindicare
677 3233 775 3298 possis.
812 3228 852 3283 Cl.
877 3227 1020 3299 Lengerlre
1040 3231 1072 3286 de
1092 3229 1251 3300 Ephraemo.
1287 3229 1317 3282 ln
1337 3229 1403 3286 Pro-

221 3314 321 3368 verbiis
339 3315 451 3367 maxime
467 3320 496 3376 et
513 3312 652 3369 Ezechiele
670 3313 793 3369 Pesohito
812 3329 869 3369 cum
888 3314 1062 3386 Targumista
1079 3315 1144 3369 lacit
1161 3323 1208 3370 aut
1226 3319 1375 3371 uiceversa.
1432 3379 1433 3382 Γ

238 3435 245 3446 ’
325 3427 424 3513 1)’·Ιιιι.
441 3439 553 3511 L1‚'41.
571 3435 640 3525 ῆιὲῑρ
661 3446 721 3520 Syr.
744 3433 901 3524 ῙΔΑιῆ
916 3508 923 3520 ‚
938 3446 1054 3500 Goniioit
1066 3447 1233 3504 llliscmanus
1247 3450 1313 3502 satis
1327 3449 1403 3517 inge-

220 3580 297 3670 niose
310 3579 392 3657 (pag.
410 3547 487 3649 ald.)
506 3597 565 3636 esse
583 3580 635 3636 hoo
651 3584 809 3638 uocabulum
825 3565 952 3660 Laeli
969 3579 1100 3636 Arsacida
1124 3583 1274 3653 legendum·
1309 3581 1404 3636 Seleu·

221 3681 264 3734 oia
289 3684 371 3734 cessit
395 3683 422 3734 in
449 3671 713 3755 locum'Babylonis:
739 3686 888 3741 Seleuciam
913 3690 999 3738 autem
1017 3700 1213 3764 nonnumquam
1231 3683 1327 3736 dictam
1346 3697 1405 3736 csse

220 3765 313 3818 urbem
332 3766 490 3822 Arsacidum
507 3768 674 3826 llisemauus
701 3775 828 3842 exemplis
853 3771 1026 3825 demonstrat.
1060 3769 1151 3836 Adde,
1177 3768 1248 3840 quod
1267 3771 1295 3821 in.
1313 3767 1405 3822 codiee

220 3848 356 3904 Amidensi
387 3855 488 3921 primo,
524 3855 570 3924 qui
600 3855 729 3918 festorum
760 3857 1005 3928 dominicarumque
1037 3853 1252 3908 distributionem
1280 3855 1406 3917 eontinet,

221 3947 330 4004 Mosula
355 3955 508 4006 nominatur
528 3955 592 4009 urbs
611 3957 818 4024 Arsacidarum,
840 3939 1008 4032 imi]
1031 3969 1114 4024 quare
1134 3971 1167 4008 ne
1185 3956 1326 4009 lectionem
1347 3953 1406 4022 qui-

221 4023 279 4105 ilem
297 4058 400 4108 mutare
418 4071 529 4112 necesse
548 4064 599 4128 est
633 4057 734 4112 Assem
751 4057 805 4124 lll‚
825 4065 852 4113 2.
872 4073 934 4128 pag.
957 4061 1018 4116 386
1054 4053 1259 4111 Substituebant
1276 4039 1409 4108 ιιοιιιιιιιιι-1

221 4151 303 4206 quom
330 4141 492 4211 interpretes
516 4143 624 4218 urbem,
659 4145 701 4195 cui
725 4144 778 4211 ipsi
802 4143 988 4209 minabantur,
1020 4143 1147 4212 antiquae
1171 4141 1246 4206 sedi,
1277 4139 1406 4193 adversus

221 4235 299 4290 quam
314 4239 463 4281 sermonem
479 4184 624 4283 direrorat
627 4225 767 4297 propbeta
792 4227 869 4298 Apud
883 4229 1008 4282 Amosum
1022 4223 1088 4276 auu
1105 4227 1175 4279 mn
1190 4225 1322 4280 aludaeis
1335 4223 1406 4278 dioe-

220 4304 301 4358 batnr
324 4307 493 4377 Antiochia,
509 4311 671 4382 Hieronymo
696 4317 772 4366 teste.
806 4311 909 4366 Etenim
933 4319 1047 4384 utraque
1066 4314 1131 4368 urbs
1149 4311 1267 4368 eiusdem
1285 4311 1406 4378 regionis

221 4396 301 4460 eaput
318 4399 383 4448 erat.
421 4395 461 4451 Gi.
479 4394 661 4463 Hoeverniclr,
681 4397 768 4467 suppl.
787 4396 822 4452 ad
839 4396 905 4456 Lon.
926 4397 986 4471 Syr.
1004 4397 1141 4470 liogiom.
1146 4400 1213 4459 184³
1230 4411 1294 4468 pag.
1311 4399 1337 4453 6.
