3014 5008
213 305 276 373 108

211 483 378 564 coeperunt
396 475 438 562 ¹)
480 479 547 543 Sed
577 471 616 542 aa
641 481 709 560 ipsa
736 477 774 540 de
798 495 907 556 causa,
932 479 1013 559 quod
1036 478 1178 541 libertate
1201 477 1289 550 ruodo
1311 498 1402 558 gau-

211 586 341 664 debant,
369 581 457 645 modo
480 600 522 642 ox
542 581 743 645 Rornanorum
766 583 819 643 aut
845 579 1023 649 Parthorum
1052 583 1177 664 arbitrio
1209 581 1399 663 pendebant,

210 690 301 767 regia
323 685 479 748 successio
510 685 626 746 minine
649 687 855 756 certa-erat.
875 681 1041 752 Turbatam
1063 703 1128 748 caru
1147 686 1244 746 iulsse
1262 689 1399 746 exeunte

210 790 336 856 saeculo
364 789 459 870 primo
486 807 546 850 uon
576 789 681 870 paucis
712 787 907 848 testimoniis
922 785 1094 868 probatum·
1110 791 1169 850 est.
1210 788 1283 850 Rex
1305 787 1398 848 XlX.

210 893 360 972 Abgarus
390 897 440 956 est
467 891 617 955 Aianetae
648 874 747 970 tilius,'
780 907 880 971 neque
908 889 938 951 id
968 891 1152 956 mirationem
1174 890 1271 970 subit,
1300 889 1396 950 luatis
1491 909 1492 922 ¹

211 997 362 1060 Adiabeni
389 996 479 1058 tilium
508 991 692 1075 promotum
709 1011 780 1055 esse
810 994 839 1054 iu
867 993 1222 1078 reguum-Edesseoum.
1262 991 1396 1054 illulturu

211 1102 287 1164 enim
317 1098 456 1180 pollebat
485 1117 541 1159 suo
567 1100 704 1177 tempore
733 1095 855 1177 Izates,
894 1097 1041 1158 Nisibeua
1069 1098 1160 1175 regio
1184 1096 1213 1164 ai
1236 1097 1397 1158 commissu

210 1207 293 1284 erat,
319 1200 428 1266 Abiaru
451 1200 584 1264 Arabum
608 1216 716 1276 regem
738 1195 912 1279 devicerat,
941 1217 1028 1281 quero
1051 1197 1118 1258 sola
1135 1197 1213 1274 luga
1234 1197 1300 1260 sibi·
1315 1217 1395 1286 con-

211 1308 341 1370 suluisse
362 1304 457 1368 tradit
478 1301 645 1382 losephus,
670 1303 765 1364 itaut
786 1304 868 1368 terra
892 1303 956 1362 eius
971 1301 1048 1364 luati
1063 1301 1206 1381 patuerit.
1248 1300 1396 1384 seqnitur

210 1417 310 1477 tannen
333 1428 405 1470 nrox
434 1403 593 1483 Abgarum
618 1404 710 1466 luatis
744 1404 834 1472 hlium
864 1403 1141 1484 Pharuatuspates,
1178 1421 1265 1484 quem
1293 1403 1392 1486 (Par-

133 1553 139 1564 ·
209 1512 427 1592 tbanrarpatem
455 1528 473 1570 a
506 1507 605 1570 Dione
630 1505 753 1582 dtutum‘)
773 1508 931 1574 ,Traianus
945 1512 1065 1588 postea
1087 1525 1194 1584 regem
1216 1506 1396 1570 Parthorum
1456 1574 1462 1584 ,

210 1621 296 1682 iecit.
339 1615 387 1675 llo
415 1615 551 1690 tempore
574 1609 712 1670 Edessae
736 1629 794 1671 rex
818 1612 1000 1673 constitutus
1019 1614 1070 1672 est
1091 1611 1220 1672 blaauus
1242 1608 1395 1672 Aiauetae

209 1724 288 1785 blius
322 1717 378 1780 sub
415 1713 566 1791 Traiano,
604 1703 744 1792 qur'vel
771 1714 860 1796 idean
899 1712 1055 1778 habendus
1086 1716 1135 1776 est
1165 1710 1217 1796 qui
1238 1711 1394 1788 Abgarus

113 1811 120 1822 ’
210 1841 302 1904 supra
330 1819 447 1898 dictus,
476 1835 506 1878 ,a
535 1813 790 1896 Pharuatas'pate·
810 1819 890 1880 sorte
920 1816 1081 1897 depulsus,
1113 1816 1164 1878 vel
1191 1816 1267 1884 alter
1295 1815 1393 1878 luatis

210 1928 288 2019 Alius
318 1925 351 1985 et
379 1911 478 1982 irater
506 1917 627 1997 Abgari
656 1921 767 2000 prioris
785 1914 825 1998 ²).
861 1905 1036 1984 ¹Successit
1063 1919 1128 1982 eius
1155 1919 1234 1980 lilius
1261 1917 1394 1982 ltlaanus

210 2028 313 2094 ltlaani
331 2025 426 2110 iilius,
451 2020 544 2085 luatis
565 2026 681 2104 nepos,
703 2024 755 2105 qul
774 2025 879 2086 eontra
895 2023 1001 2085 Valem
1016 2021 1127 2110 Sahari
1146 2021 1236 2084 lilium
1260 2023 1394 2084 seditio·
1492 2013 1493 2028 ¹

209 2152 264 2196 ner
295 2130 467 2192 uroreoteru
495 2125 699 2198 llonranorupr
727 2127 841 2206 auxilio
865 2127 1025 2210 implorato
1048 2115 1086 2200 ab
1107 2125 1240 2188 Antonio
1262 2127 1395 2188 restitu-

211 2241 259 2300 tus
284 2235 347 2295 est.
367 2215 467 2290 lios·
482 2227 631 2304 Abgarus
657 2241 771 2292 revera
801 2216 894 2292 ludtis
922 2227 1073 2291 Adiabeni
1104 2232 1252 2309 posteros
1285 2225 1395 2326 inisse,

209 2337 286 2420 inde⁴
308 2328 426 2416 queque
455 2330 619 2418 probatur,
655 2331 746 2413 quod¹
767 2349 868 2394 eorum
896 2333 1025 2394 urus-in
1045 2349 1161 2394 nummo
1184 2336 1276 2413 caput
1298 2331 1395 2398 habet

189 2439 299 2504 'mitra
327 2423 575 2514 exornatum‘³),
611 2425 770 2514 quartem
800 2435 922 2497 Mediae
951 2435 1082 2512 signum.
1125 2425 1212 2496 Pacit
1237 2437 1327 2498 etiam
1353 2438 1393 2500 ad

210 2563 275 2608 reur
293 2541 446 2615 nostram,
468 2536 549 2617 quod
569 2535 675 2602 Moses
699 2537 808 2615 tradit,
829 2539 947 2615 regiam
964 2537 1067 2598 Nisibi
1089 2536 1126 2598 ab
1141 2535 1273 2616 Abgaro
1286 2521 1390 2600 Edes-

210 2627 274 2710 sam
303 2642 432 2706 delatam
455 2657 549 2724 ¹esse„⁴
567 2639 723 2721 librosque
754 2639 967 2726 bibliothecae
988 2641 1167 2716 regnosco
1195 2641 1347 2703 advectos
1370 2660 1389 2702 e

210 2751 326 2836 sempe
352 2729 483 2808 ιιιιιιι
510 2746 543 2806 ιι
565 2760 607 2804 ex
629 2737 783 2826 ιιιειιιι).
824 2743 931 2826 reaque
949 2743 1109 2886 cagano,
1124 2741 1219 2880 ιιιιιι
1239 2743 1393 2808 Aetnen

212 2897 422 2938 ιιι--σ--Φ-ΡΓ.
489 2887 492 2896 “

211 2985 506 3071 '1)1Ahgarum
525 2990 709 3046 Meherdaten
734 2992 807 3044 laute
832 2957 969 3073 excepisse
996 2989 1115 3044 Edessae
1143 3005 1226 3060 supra
1254 2992 1398 3046 monitum'
1423 3021 1434 3034 ι

210 3079 331 3133 Traiano
350 3062 444 3146 epiriae
462 3076 619 3145 splendidae
637 3077 812 3146 parabantur.
847 3075 945 3134 broc.
964 3075 1338 3156 l.79.:‚Aurel1uslotrzus
1357 3107 1392 3116 —

210 3165 348 3233 inquit-
313 3159 477 3214 -Itoruam
501 3164 614 3228 maxima
637 3177 736 3231 pompa
757 3161 917 3230 perductur,
927 3167 984 3229 est,
1018 3167 1119 3232 quauta
1135 3177 1188 3216 noa
1205 3165 1279 3216 veuit
1279 3162 1389 3239 Abga

209 3264 255 3302 rus
273 3231 368 3310 Seueri
387 3251 433 3326 aut
451 3233 587 3299 Tiridates
606 3245 723 3300 Neronis
740 3246 935 3315 temporibusfl

313 3343 481 3414 2)llapepus
505 3343 574 3398 hauc
597 3361 689 3414 regum
714 3345 834 3398 tabulam
859 3345 966 3400 statuit.
1000 3344 1126 3415 Abgarus
1149 3342 1292 3399 Aiazethae
1318 3346 1392 3400 tilius

208 3436 335 3490 86-93.
360 3427 599 3498 Pharuataspates
624 3432 700 3488 94-
707 3435 750 3488 97.
787 3429 884 3484 Mauris
902 3429 1047 3484 Aiazetbae
1063 3431 1132 3486 tilius
1150 3436 1226 3490 99·-
1235 3433 1292 3486 115.
1328 3429 1390 3486 Ma-

208 3530 257 3568 nus
282 3511 358 3566 Mani
384 3513 453 3568 filius
483 3517 573 3582 1,16-
584 3518 642 3572 153
677 3513 741 3568 Eius
766 3516 835 3568 lilius
862 3517 952 3570 154—
950 3521 1012 3573 188
1054 3514 1289 3586 Abgardbrlzatis
1309 3515 1391 3572 lilium

209 3616 266 3655 cum
291 3599 401 3670 Abgaro
419 3579 537 3654 Uehanra
561 3598 713 3652 contudisse
738 3599 844 3652 ridetur
869 3603 972 3652 ctiam
968 3599 1136 3674 Procopius,
1163 3601 1232 3670 apud
1258 3600 1390 3672 Bayerum

207 3679 269 3756 pag'.
301 3687 359 3742 157
399 3683 518 3738 Narrant
537 3687 604 3739 enini
625 3683 771 3760 Procopius
791 3691 817 3738 et
841 3683 944 3738 ltlalala
962 3684 1158 3754 Antiocheam,
1175 3683 1315 3756 Abg'arum
1339 3690 1391 3742 iter

206 3770 316 3825 Romam
348 3771 446 3825 iecisse
477 3776 504 3824 et
527 3768 654 3824 Edessam
687 3783 803 3826 ornasse
821 3771 918 3826 multis
940 3770 1078 3824 aedihciis.
1119 3769 1245 3840 Abgarus
1269 3771 1391 3826 Traiano

207 3856 346 3924 aequalis,
371 3870 388 3908 a
407 3853 511 3908 Pacoro
530 3871 640 3924 regnum
657 3863 758 3910 emerat
777 3871 874 3926 magno
892 3859 990 3925 pretio.

309 3953 414 4024 3)Fo‘p
432 3954 563 4019 Voillant‚
587 3957 725 4025 imperium
743 3945 851 4010 Arsac'
854 3969 916 4024 pag
934 3960 995 4013 329
1013 3953 1149 4024 Bayerus:
1175 3952 1289 4025 „Reges
1306 3953 1391 4010 Edes-
1489 3955 1490 3988 ³

207 4041 266 4094 seui
289 4041 316 4092 iu
342 4039 429 4108 capite
454 4039 622 4108 cydarins..
637 4043 734 4092 tiaram
757 4041 783 4090 iu
802 4041 914 4091 nummis
924 4045 1037 4108 ..gerunt
1075 4037 1160 4092 Tiara
1177 4046 1281 4106 autern,
1307 4046 1335 4094 ut
1354 4035 1393 4094 ait

207 4124 397 4194 Hieronymus,
415 4130 463 4182 .est
482 4139 567 4194 genus
586 4125 693 4194 pileoli,
719 4139 771 4192 quo
792 4121 934 4176 Persarum
954 4130 981 4176 et
998 4123 1195 4180 Chaldaeorum
1213 4141 1281 4196 gens
1300 4128 1392 4180 utitur.

206 4207 362 4264 Anacreon:
385 4213 441 4262 Kal
457 4207 619 4279 Il'apda'r'a'ar
639 4226 680 4263 rar
699 4205 811 4275 ἄνδρας,
835 4204 976 4277 Ἕγνῶριιι’
993 4205 1030 4262 ἒν
1046 4209 1183 4279 τιάριιιι.“

310 4309 342 4375 4)
365 4309 396 4364 ln
422 4307 554 4362 Chronico
580 4307 732 4372 Edessena,
758 4307 804 4360 ubi
822 4323 920 4379 magna
937 4310 1076 4364 inundatio
1095 4309 1257 4366 describitur
1275 4309 1392 4364 tacta-a.

207 4394 269 4450 Chr.
295 4401 364 4460 202,
395 4395 493 4448 mentio
518 4393 546 4445 iit
572 4392 690 4456 castelli,
721 4391 793 4461 quod
811 4392 908 4449 dietam
926 4397 962 4449 sit
979 4387 1139 4460 Persarum,
1166 4400 1248 4466 atque
1262 4398 1393 4466 tanquam
