2974 5012
1279 379 1300 424 v
1365 349 1368 356 .

96 564 185 644 'tuor
208 595 246 642 er
273 575 443 645 codicibus
464 577 542 646 Mes.
567 579 740 650 innumeris
767 585 944 668 congessit,
975 605 1077 673 poene
1102 589 1246 659 obsoleta
1267 606 1298 660 et

111 753 266 825 obliuioni
287 755 404 822 tradita
421 755 535 824 iacent.
578 703 686 838 Quare
710 775 792 846 quae
816 760 855 827 do
876 763 1033 831 versionis
1057 766 1213 852 Syriacae
1236 772 1296 840 lin·
1334 759 1338 766 ’

110 951 196 1016 gua,
228 935 371 1020 origine,
403 935 553 1014 historia,
585 955 644 1003 usn
672 938 706 1001 in
736 939 876 1004 virorum
900 923 1181 1014 eruditissimorum
1202 948 1293 1016 libris

112 1111 261 1197 repperi,
283 1131 323 1178 ea
344 1113 537 1191 examinavi,
561 1115 739 1200 composui,
763 1125 857 1202 atquo
879 1137 947 1185 cnm
969 1093 1132 1210 iis,quae
1154 1127 1222 1214 ipse
1244 1130 1292 1194 in-

111 1287 267 1376 quirendo
296 1289 416 1369 iuveni,
449 1289 542 1357 libris
572 1299 718 1378 quatuor
750 1291 881 1378 digessi.
934 1295 1005 1376 Qua
1032 1301 1065 1365 in
1097 1323 1132 1368 re
1164 1305 1292 1393 siquid

109 1469 361 1554 praetermisisse
383 1464 436 1532 uel
456 1467 557 1532 miuus
581 1477 667 1534 reete
691 1471 874 1558 exposuisse
895 1485 949 1540 aut
971 1477 1063 1543 etiam
1087 1501 1214 1548 errasse
1240 1489 1288 1550 vi-

110 1642 226 1721 debor,
250 1643 382 1710 meliora
405 1663 454 1708 me
477 1643 605 1710 edoceri
627 1645 723 1712 facile
744 1651 865 1736 patior3
889 1663 961 1720 suut
984 1658 1066 1722 enim
1085 1665 1289 1747 quaestiones

107 1821 201 1884 nimis
226 1819 340 1887 multae
370 1831 401 1887 ot
430 1843 547 1909 genere
570 1825 703 1891 maxime
727 1825 895 1908 diversae,
917 1831 1111 1905 adminicula
1135 1851 1237 1908 autom
1258 1854 1287 1910 et

106 1997 252 2064 subsidia
285 1998 369 2066 baud
407 2019 482 2066 raro
513 2021 628 2088 parva,
668 2021 796 2083 manca,
829 2005 952 2090 aliena,
981 2013 1099 2082 frustra
1124 2023 1286 2104 quaesita;

108 2195 208 2262 qnare
235 2196 316 2263 quae
339 2175 391 2242 vel
413 2176 562 2262 sugerunt
584 2199 634 2246 me
658 2181 710 2249 vol
735 2183 929 2267 fefellerunt,
954 2209 993 2258 ea
1013 2211 1034 2258 a
1056 2195 1134 2262 viris
1155 2201 1284 2285 peritio-

108 2353 196 2419 ribus
220 2355 381 2420 emeudari
409 2377 458 2422 me
486 2359 588 2443 ipsum
610 2360 742 2428 manime
764 2364 893 2434 iuvabit.
939 2368 1061 2448 Quodsi
1082 2393 1170 2438 usum
1190 2375 1283 2443 buius

105 2530 280 2608 versionis,
307 2551 389 2618 qnae
411 2496 523 2618 lingua
544 2537 663 2623 scripta
688 2549 734 2604 est
758 2538 897 2612 dialecto
924 2545 1038 2616 Christi
1060 2562 1091 2618 et
1112 2552 1282 2642 Apostolo-

104 2727 170 2773 rum
190 2707 346 2795 proxima‚
373 2719 481 2777 nostro
502 2714 632 2799 tempori
659 2713 768 2803 aliquo
790 2721 883 2790 modo
905 2727 1181 2811 commendavero,
1204 2755 1279 2824 ope-

103 2905 159 2950 rae
182 2906 246 2951 uon
267 2886 448 2972 poenitebit.
511 2917 517 2928 κ

205 3060 384 3128 Sublimem
405 3063 479 3132 libri
505 3065 610 3134 adieci
633 3068 773 3138 tabulam
796 3095 905 3160 regum
928 3078 1161 3151 Edesseuornm
1187 3085 1262 3157 ebro

102 3234 298 3322 noiogioam,
331 3260 412 3326 quae
440 3242 482 3309 ad
512 3243 686 3314 Excursum
706 3231 787 3316 'libri
817 3219 854 3318 lt.
878 3259 1017 3344 respicit.
1062 3259 1161 3331 Porro
1185 3288 1277 3354 quum

101 3413 216 3498 Syriae
246 3427 276 3482 et
304 3417 554 3507 Mesopotamiae
573 3424 715 3516 tabulas,
745 3427 824 3514 quas
850 3390 1045 3505 d’Anvillins
1070 3451 1102 3506 et
1121 3443 1274 3514 Reicbar-

100 3589 157 3655 dus
186 3589 368 3672 ediderunt,
398 3598 431 3661 iu
461 3597 557 3665 rebus
584 3600 686 3667 multis
709 3625 816 3673 errare
841 3619 871 3676 et
893 3615 1020 3681 variare
1040 3619 1194 3701 viderem,
1218 3627 1274 3692 ad·
1363 3595 1365 3599 v

101 3765 163 3832 didi
186 3767 324 3836 tabulam
347 3775 599 3862 geographioam
615 3777 730 3864 Syriae
754 3782 885 3870 (Syriae
901 3794 1065 3877 propriae,
1086 3796 1272 3890 Mesopota-

105 3945 191 4022 miae,
213 3947 382 4035 Assyriae)
397 3963 522 4019 secutus
539 3958 671 4038 maxime
683 3980 765 4040 eam,
783 3984 864 4050 qnae
877 3967 1066 4041 Ainsnortbi
1080 3975 1163 4045 libro
1179 4003 1273 4068 prau-

98 4119 158 4186 fixa
177 4135 231 4190 est.
268 4126 419 4211 (Travels
434 4131 466 4195 iu
479 4130 529 4198 the
544 4132 652 4202 Traeis
666 4139 702 4205 of
714 4139 765 4206 tbo
784 4153 835 4207 ten
849 4144 1003 4214 tbousend
1020 4151 1154 4222 Greeks.
1170 4158 1269 4230 Lond.

94 4295 381 4387 ntnccoxntv).
425 4307 493 4374 Fuit
518 4310 571 4379 ilie
595 4316 786 4403 expeditioni
808 4321 986 4407 adiunctus,
1013 4352 1104 4417 quam
1128 4333 1269 4406 Britanni
