2974 5012
220 281 263 350 48

220 453 345 532 stlglum
373 449 538 516 babeamus
560 448 710 528 Syriasmi
741 449 933 530 posterioria.
969 447 1171 534 Quantopere
1197 443 1312 508 rudiori
1336 441 1417 524 ple-

218 557 287 619 bela
315 555 422 632 lingua
456 569 553 614 voees
579 551 753 616 mutuentur
770 554 818 642 vet
848 551 1022 632 varientur,
1061 548 1137 610 ratis
1160 547 1314 624 eognnom
1339 549 1414 620 est;

219 656 392 738 exemplum
414 657 545 736 apparet
567 655 596 716 nt
617 653 709 716 fallor
729 655 759 714 ln
779 671 859 716 voee
872 653 1054 730 boanmgss
1072 647 1112 732 Ι).
1136 649 1251 712 nram
1270 648 1301 710 iu
1323 666 1412 712 voee

219 761 304 824 naor
325 757 423 821 blare.
444 755 522 834 XV,
545 753 617 835 34.,
648 753 724 818 baeu
745 755 897 834 Syriasnyl
921 757 1018 818 iorum
1040 739 1205 834 eonspleua
1224 754 1286 814 est.
1328 750 1409 814 tita-

219 863 302 926 xlme
331 860 426 938 igitur
456 859 486 920 in
507 855 663 920 Galilaea·
676 861 708 920 et
727 857 833 942 bibant
860 855 1041 942 regionibns
1063 857 1130 918 elus
1154 853 1280 918 distenti
1300 854 1409 932 origi-

218 980 274 1026 nes
305 977 500 1046 quaererem,
531 947 616 1024 euius
638 960 906 1042 pronputlationem
932 963 965 1022 et
986 957 1210 1037 grammaticam
1230 956 1408 1021 Mmonitae

218 1066 307 1151 nobis
332 1061 537 1141 tradiderunt,
568 1065 600 1124 et
621 1081 708 1145 quam
732 1061 892 1142 Syriseam
916 1061 1016 1140 vulpe
1040 1060 1176 1124 dielnrus.
1225 1112 1229 1122 .

321 1167 358 1229 st
385 1181 466 1228 uero
493 1165 642 1228 dialeotns
677 1163 818 1226 Galilaea
834 1158 866 1248 ²)
889 1165 1015 1244 propios
1043 1161 1211 1226 accedebat
1232 1161 1407 1224 adlllaro-

219 1271 347 1333 altarum
385 1269 673 1350 pronuntiationem,
710 1266 989 1346 Hierosoly-nullane
1017 1268 1116 1326 amem
1143 1263 1183 1324 ad
1211 1261 1407 1343 Chaldaeum,

219 1373 276 1436 lam
316 1370 459 1434 videntur
498 1371 558 1432 duo
584 1351 779 1452 'potissimum
822 1369 983 1431 distlnetae
1021 1369 1118 1430 inisse
1159 1366 1284 1446 linguae
1319 1365 1408 1430 dra·

217 1491 323 1538 msere
352 1467 523 1536 iormre's.
551 1471 693 1552 distanti,
721 1489 815 1560 unas
836 1489 913 1553 quae
946 1471 1089 1536 interra
1121 1468 1277 1534 Obrldnea
1306 1470 1406 1547 utga-

217 1563 289 1657 nst,
319 1577 404 1638 entus
426 1577 698 1657 pronuntiationem
718 1573 868 1654 hodieque
889 1573 1064 1637 Nertorlani
1091 1574 1259 1656 seqnumnr
1288 1577 1320 1635 et
1347 1571 1407 1634 lu-

219 1678 287 1742 daei
317 1667 483 1740 Chaldatee
512 1677 692 1760 loquenten,
732 1676 829 1738 altera
866 1676 952 1762 cuins
993 1677 1129 1754 origines
1159 1677 1189 1738 in
1220 1673 1406 1754 coelesyria

218 1779 410 1862 quaerendae
450 1779 529 1842 sumt.
594 1777 778 1843 Chaldaeum
824 1777 948 1842 dicturus
987 1763 1142 1860 'puriorem
1178 1781 1211 1839 et·
1242 1776 1404 1857 genuinam

215 1883 342 1966 linguae
369 1880 539 1948 Aramseae
573 1875 857 1963 pronuntiationem.
905 1880 993 1967 Quod
1013 1884 1123 1974 antem,
1148 1882 1178 1944 in
1207 1875 1344 1944 Gadlaea
1373 1880 1404 1942 tn

217 2003 311 2048 sonos
333 1979 440 2066 partim
464 1984 515 2046 vel
539 1985 683 2046 tortiores
698 1983 751 2046 vel
773 1967 1072 2064 molliores‚'partim
1094 1984 1124 2045 ln
1147 1984 1276 2048 voeales
1304 1985 1404 2062 magis

219 2087 364 2150 obscuras
394 2091 426 2149 et
459 2088 585 2150 obtusas
616 2087 691 2150 abiit
717 2086 824 2164 lingna
851 2071 1023 2166 ArsaraeaJ
1057 2087 1168 2148 laetum
1199 2087 1328 2150 maxime
1354 2089 1405 2149 est

218 2191 365 2254 uiduitate
404 2188 532 2266 liuguae
568 2172 773 2254 l’bo'enieiae.
831 2185 930 2269 aaut·
957 2187 1126 2251 l’lroeniees
1170 2191 1246 2253 enlm
1288 2189 1403 2252 Karneu

218 2296 349 2355 mutatur
389 2293 417 2352 ln
455 2291 795 2380 Syrorum-‘belreim'
817 2303 894 2384 epiri
916 2327 955 2338 -
981 2289 1010 2353 1.
1048 2291 1131 2370 Reg.
1166 2293 1214 2372 V,
1236 2290 1298 2357 Ἣ.
1329 2289 1402 2367 aaa

216 2393 293 2470 vti,
326 2389 378 2456 ln.
423 2403 514 2456 arnam
539 2391 711 2474 (Eibropoa)
732 2404 798 2485 -ι-,ιζι
816 2413 866 2474 ap.
889 2391 1059 2456 Plroenlees
1073 2388 1228 2473 ’Ἁδωδοςς
1257 2409 1318 2487 aaa¹
1339 2393 1403 2457 los.

217 2495 312 2576 xxi,
344 2493 394 2558 ll.
418 2510 504 2582 praa,
530 2513 621 2576 porro
643 2493 734 2562 brana
755 2515 812 2578 pro
834 2493 930 2576 burri,
962 2497 1031 2558 item
1055 2494 1403 2578 earnemcarnem

194 2597 312 2698 'Heba
333 2595 403 2689 abin
426 2597 483 2682 [ei.
506 2599 546 2661 it.
572 2597 685 2663 Obron.
707 2597 864 2679 xxxiii,
889 2599 919 2661 7.
942 2597 1026 2679 aaa
1041 2595 1100 2681 ’lo
1126 2599 1271 2674 Neorion
1294 2601 1402 2663 termi-

223 2751 420 2764 ...--..
641 2696 652 2711 “
1318 2706 1401 2768 natio

324 2839 360 2899 1>
379 2835 446 2891 led.
473 2837 506 2894 de
531 2838 613 2893 Dleu:
649 2836 785 2902 „Memini
805 2853 845 2892 rue
863 2851 895 2891 ex
913 2839 1064 2893 elarisslmo
1084 2842 1144 2893 viro
1162 2837 1279 2908 Erpenio
1298 2839 1400 2904 audire,

216 2922 318 2978 babere
343 2935 372 2976 se
398 2939 430 2976 ex
457 2939 504 2978 ore
522 2924 669 2977 doetissimi
694 2921 830 2976 cuiusdam
852 2919 1021 2987 Maronitas,
1045 2917 1125 2977 nullis
1143 2927 1293 2993 praereptis
1311 2939 1401 2994 gram-

216 3009 321 3062 matiuis
339 3021 372 3060 au
391 3011 434 3062 via
454 3011 515 3064 vira
539 3023 604 3063 roeo
629 3007 720 3062 doeert
747 3021 845 3077 posse,
873 3005 951 3077 quem
973 3023 1066 3061 sonum
1084 3006 1196 3062 Seheua
1213 3005 1313 3060 lrabeat
1329 3005 1402 3075 apud

89 3153 96 3160 ‚
128 3102 132 3116 ’
216 3091 300 3162 Syros
328 3094 486 3160 praesertim
513 3093 563 3148 sab
586 3093 797 3164 generalibus-‘⁶
834 3091 874 3148 dt.
900 3090 1001 3164 Lighti.
1028 3090 1063 3146 ad
1085 3093 1135 3148 loe.
1163 3091 1263 3148 blare:
1283 3089 1402 3157 „ludaei

217 3177 245 3230 ln
263 3174 333 3232 bnne
352 3176 522 3246 usqneulient
542 3175 653 3234 Sebewa
671 3195 720 3248 per
738 3193 772 3232 oa
790 3177 950 3238 enuntiant,
971 3181 999 3228 ut
1015 3173 1177 3234 Noabhinu.“

320 3259 352 3324 2)
370 3258 400 3314 ln
421 3261 490 3314 libro
511 3259 669 3318 Talmudieo
689 3261 787 3317 Ernuin
807 3259 943 3315 Galilaeae
965 3259 1070 3330 quidam
1090 3258 1308 3329 reprehenditur,
1329 3257 1400 3327 quod

218 3347 276 3399 elus
303 3359 335 3397 ex
354 3360 402 3398 ere
420 3361 472 3398 non
492 3345 620 3415 distingui
639 3349 743 3416 possint
761 3345 969 3399 voeabutannrt
991 3343 1108 3413 (vinum)
1129 3345 1193 3394 aina
1212 3343 1304 3412 (lana)
1320 3341 1401 3395 *illst

216 3429 345 3498 (agnus).
382 3426 537 3484 Gutturalea
556 3432 639 3500 igitur
660 3448 713 3486 uon
731 3431 855 3486 distinete
873 3429 1098 3500 pronuntiabant,
1124 3429 1152 3485 ld
1173 3427 1244 3504 qued
1263 3425 1295 3481 da
1314 3423 1402 3482 Phoe-

216 3513 322 3566 nieibns
339 3529 446 3583 quoqne
461 3514 631 3570 observatum
648 3523 698 3582 est,
718 3519 798 3589 qnia
818 3523 844 3571 et
863 3519 884 3564 5
901 3516 958 3569 iera
977 3518 1128 3584 prominens
1147 3519 1265 3568 utuntur.
1300 3511 1402 3568 Deinde

217 3597 373 3652 duriuseula
397 3604 424 3652 et
447 3601 584 3653 austerior
606 3592 665 3654 erat
683 3615 774 3658 eorum
795 3602 995 3671 pronuntiatio,
1021 3602 1096 3674 enias
1113 3597 1259 3668 exemplum
1279 3597 1347 3652 idern
1364 3597 1399 3652 ll-

215 3682 265 3737 ber
288 3683 368 3736 affert
392 3681 484 3750 (fluxi.
509 3682 574 3738 Lex.
599 3684 686 3740 Toto.
712 3689 818 3754 2412),
845 3685 957 3739 muliera
977 3680 1099 3738 Galilaea
1130 3669 1399 3760 prophanaretur

214 3752 299 3818 naba
323 3767 427 3822 dteeute
454 3754 514 3822 aab
535 3756 644 3846 ynam
664 3760 786 3828 aasabim
823 3771 863 3826 Gi.
889 3769 966 3824 bunt.
986 3783 1011 3838 p.
1030 3771 1091 3826 436,
1127 3765 1256 3834 Martini,
1282 3767 1314 3822 de
1334 3768 1399 3838 ling,

215 3847 295 3904 Galil.
323 3847 449 3906 lltttenb·
477 3861 553 3928 1683.
589 3855 653 3913 ldeo
677 3863 809 3911 eoutemta
834 3856 884 3908 tuit
901 3851 1083 3907 Galilaeorum
1107 3853 1200 3924 lingua
1220 3852 1342 3918 ludaeis,
1366 3851 1400 3908 de

214 3933 311 4004 qulbus
337 3933 512 4006 Hieronymus
537 3937 586 4010 Ep.
613 3941 647 3995 ad
674 3935 728 3995 Ti't.
753 3953 775 3992 e.
799 3946 825 3994 3.
853 3937 906 4003 „Si
937 3939 1007 3992 torte
1034 3939 1212 3991 erraverimus
1232 3940 1260 3992 tn
1278 3945 1398 4005 aeeentn,

214 4021 244 4072 ln
271 4021 428 4073 extensione
453 4027 479 4074 et
503 4022 636 4079 breuitate
663 4022 785 4092 syllabae
810 4021 853 4075 rel
878 4021 973 4077 brevia
999 4022 1178 4092 produeente's
1203 4021 1246 4077 vel
1269 4022 1401 4093 produeta

215 4102 388 4169 breviantes,
410 4104 499 4159 solent
515 4105 607 4164 ludaei
625 4107 742 4162 irridere
760 4121 826 4172 nos,
845 4110 957 4162 maxime
975 4109 1003 4161 tn
1021 4105 1232 4176 aspirationibus
1251 4113 1278 4162 ot
1295 4111 1323 4162 tn
1342 4111 1401 4179 qul-

214 4186 328 4242 busdam
353 4202 411 4241 eunt
437 4203 534 4245 rasura
557 4194 638 4264 gulae
662 4189 862 4260 proterendis.“
907 4189 1051 4261 Corripere
1076 4193 1156 4248 etiam
1180 4193 1306 4248 solebant
1326 4189 1400 4248 Gali-

215 4272 270 4326 lael
289 4271 413 4343 syllabas
428 4275 557 4344 quasdam
577 4285 603 4332 et
619 4289 701 4331 voees
719 4277 820 4330 arettas
840 4275 953 4332 dioendo
973 4281 1142 4334 eoeneetere.

318 4360 351 4425 ³)
369 4355 410 4414 Gt.
428 4356 555 4426 llorere,
580 4358 673 4417 liranis
694 4377 720 4416 n.
740 4358 786 4417 (ir.
804 4357 879 4417 linet.
897 4365 950 4420 art.
965 4357 1133 4418 l’lrountzten
1150 4377 1178 4433 p.
1192 4361 1255 4420 435.
