2974 5012
1246 289 1269 356 5

80 454 118 538 1)
149 464 240 542 sqq-p
265 464 330 543 apq
369 448 407 534 a]
437 457 521 515 misr
545 463 610 542 opu
646 449 684 536 3)
715 466 807 547 ango
833 467 906 548 opq.
950 454 1144 524 constituunt
1166 463 1265 526 autem

80 572 162 621 un.-
156 574 177 618 ι
201 569 265 620 oure
286 563 318 618 et
340 564 430 644 procu
452 567 517 618 unu
542 557 722 645 proviuqias
739 559 956 624 Aramaeorum
979 577 1037 640 per
1056 580 1159 625 omnes
1184 568 1265 628 tem-

79 681 185 740 porum
208 658 437 722 vicissitudiues
461 658 694 738 celeberrimas,
726 662 980 744 Mesopotamiam
1001 661 1120 726 scilicet
1140 669 1173 727 et
1194 667 1264 748 Sy-

78 767 152 826 riam
185 764 431 836 llamasceuam.¹
463 759 569 824 Media
589 763 669 826 inter
691 767 849 848 utramque
870 763 1008 826 habenda
1028 768 1078 858 eqt
1103 751 1263 846 provincia

77 881 181 946 murs,
217 867 302 928 cuius
325 885 383 928 rex
407 865 516 928 Hadad
543 865 621 926 Eser
644 865 776 932 Dauidis
800 870 936 948 tempore
953 868 1031 928 iuter
1051 885 1155 932 omnes
1176 869 1262 934 Ara·

77 989 229 1032 maeorum
251 965 365 1046 gentes
387 970 585 1050 priupratum
605 967 773 1030 obtinuisse
798 969 929 1032 videtur.
973 967 1030 1030 Ille
1052 972 1147 1050 erat,
1165 973 1261 1054 quiin

80 1073 226 1134 auxilium
256 1071 426 1134 vocabatur
453 1069 490 1130 ab
516 1069 712 1149 Ammonitis,
750 1071 797 1133 oui
825 1071 1023 1138 succurrebat
1053 1088 1113 1133 rex
1142 1073 1260 1136 Darna-

79 1175 144 1251 sci,
182 1173 266 1234 euius
290 1173 319 1232 iu
349 1171 490 1234 ditionem
512 1173 655 1234 redactus
681 1173 749 1233 erat
773 1189 832 1234 rex
853 1173 1038 1254 llnmathae,
1073 1175 1122 1256 qui
1152 1177 1260 1258 copias

76 1277 244 1340 auxiliares
271 1275 360 1337 etiam
391 1292 433 1334 ex
465 1275 547 1336 terra
574 1278 657 1336 trans
677 1272 860 1354 Euphratem
882 1278 943 1340 sita
969 1278 998 1338 in
1026 1275 1172 1357 proelium
1199 1279 1259 1342 ad·

77 1381 176 1448 duxit.
227 1377 344 1440 Tamen
371 1375 492 1438 uroltum
513 1376 550 1438 de
572 1377 636 1438 situ
655 1376 761 1448 ‚Eobae
782 1375 966 1457 disputatum
989 1380 1049 1438 est.
1094 1377 1168 1458 Syri
1189 1381 1260 1461 qni-

77 1483 146 1542 dem
180 1459 333 1564 constanti
366 1476 528 1539 traditione
554 1477 688 1540 Ecbam
704 1477 808 1539 urbem
843 1479 969 1542 Nisiblm
1001 1477 1146 1558 reddunt,
1180 1497 1259 1562 quae

76 1597 157 1678 apud
182 1573 373 1676 posteriores
401 1592 549 1672 Syrorum
572 1595 743 1674 scriptores
765 1560 870 1710 1:⁰25,
893 1597 1035 1660 scribitur
1053 1592 1091 1678 ¹).
1134 1596 1258 1662 Minime

76 1720 177 1778 tamen
206 1713 242 1774 id
266 1711 412 1774 convenit
438 1730 504 1774 cum
532 1711 571 1774 V.
602 1711 643 1772 T.
676 1713 770 1794 locis,
809 1733 850 1778 ex
846 1633 987 1797 &quibus
1008 1715 1038 1776 ui
1065 1715 1156 1780 fallor
1180 1717 1256 1800 satis

75 1821 161 1880 certo
183 1814 350 1892 evincitur,
379 1814 424 1876 els
444 1813 627 1895 Euphratem
648 1815 762 1880 Enbam
784 1817 986 1900 quaerendam
1007 1833 1089 1880 csse.
1139 1795 1256 1884 Etenim
1315 1894 1323 1900 ,

72 1917 299 2000 Mesopotamia
317 1919 349 1979 et
370 1917 456 1980 Eoba
478 1915 548 2000 [Ps.
572 1913 645 1997 LX)
669 1917 783 1981 diserte
802 1921 1027 2000 dIstlnguuutur
1047 1936 1146 2004 neque
1167 1923 1255 1986 dioe—
1281 1957 1283 1966 ·

75 2026 159 2082 retur
180 2018 288 2080 Hadad
310 2019 388 2082 Eser
410 2019 577 2082 adduxisse
598 2031 658 2082 ura
684 2034 769 2084 *abac
792 2023 860 2086 “ridle
883 2034 947 2086 nura
971 2018 1018 2104 (II
1032 2021 1116 2084 Sam.
1130 2020 1172 2101 X,
1197 2020 1255 2105 16)

74 2125 132 2184 uisi
162 2123 229 2203 ipse
259 2123 303 2184 eis
335 2121 519 2202 Euphratem
547 2121 663 2202 imperii
692 2123 797 2184 sedem
823 2123 983 2186 habuisset
1020 2120 1077 2206 (ci.
1111 2123 1141 2186 ll
1168 2121 1252 2186 Sam.

73 2224 167 2304 VIII,
200 2221 250 2305 7).
301 2223 467 2288 Audiamus
496 2224 591 2302 igitar
619 2224 798 2288 Bochartum
821 2227 850 2288 iu
877 2226 982 2290 Saben
1001 2226 1104 2290 urbem
1126 2226 1251 2290 animuin

74 2329 303 2405 advertentem,
329 2346 348 2388 a
363 2327 540 2390 Ptolemaeo
563 2345 627 2390 eam
646 2329 798 2392 laudatam
812 2331 844 2390 et
858 2330 887 2390 in
900 2321 1036 2392 Arabiae
1051 2327 1253 2408 Palmyrenae

74 2431 183 2492 linibus
210 2417 309 2490 sitam.
367 2427 424 2494 Cui
453 2431 623 2492 sententiae
651 2431 782 2494 maxime
810 2431 899 2495 iavet
928 2429 1253 2504 cbrorrooruhmcus

75 2531 113 2610 tl.
134 2531 174 2592 II.
198 2549 225 2594 c.
240 2521 326 2610 VIII,
348 2528 378 2594 3.
398 2529 447 2615 4),
470 2533 521 2594 nbi
537 2536 753 2596 connectuntur
778 2546 860 2597 naua
883 2547 952 2599 ιιιιιι
974 2536 1007 2596 et
1029 2547 1118 2599 *naum
1136 2535 1170 2622 *iu
1192 2533 1251 2608 de-

74 2639 169 2706 serto.
213 2633 377 2696 Accedunt
400 2635 541 2696 nonnulla
563 2635 781 2700 Aramaeorum
804 2655 904 2715 regua
922 2635 1044 2701 minoris
1066 2637 1195 2703 ambitus
1220 2637 1253 2700 et

77 2737 286 2815 auctoritatis,
329 2754 456 2816 quorum
493 2739 647 2820 prlnc'ipes
675 2741 806 2804 EuvIdis
834 2741 866 2802 et
892 2739 1065 2802 Salomonis
1093 2741 1196 2804 aetate
1221 2739 1252 2800 ia

75 2840 244 2920 Sculpturis
266 2843 482 2902 memorantur:
511 2855 602 2933 mqqq
625 2841 670 2926 (ll
683 2844 768 2906 Sam.
789 2841 837 2922 X,
859 2838 897 2923 a)
919 2843 995 2929 uoq
1027 2837 1072 2921 (ir
1094 2839 1177 2904 Sam.
1197 2836 1252 2914 III,
1282 2915 1285 2924 Ι

76 2942 115 3016 3;
143 2941 237 3022 XIII,
260 2937 320 3023 37]
353 2948 432 3034 niu]
454 2958 511 3022 aaa
529 2942 575 3025 [ll
591 2943 674 3006 Sam.
690 2942 740 3022 X,
761 2939 800 3024 6)
829 2946 862 3003 et
879 2955 972 3033 naq,
1001 2941 1040 3002 do
1060 2939 1170 3020 quibus
1190 2953 1252 3000 no-

75 3051 170 3110 strum
199 3061 261 3104 uon
287 3047 337 3106 est
363 3047 532 3110 accuratius
563 3045 725 3108 dIsserere.
777 3043 841 3104 Tot
866 3059 943 3106 vero
964 3041 1138 3107 constitutis
1164 3037 1250 3102 Ara-

74 3164 227 3210 maeorum
254 3145 428 3210 civitatibus
457 3152 490 3212 et
514 3148 639 3226 regulo,
675 3161 863 3229 quaequam
885 3145 1049 3208 omniasui
1070 3137 1250 3222 indicilpes-

74 3253 158 3328 seut,
183 3265 393 3328 nonuunquam
417 3250 650 3328 confoederato,
686 3249 762 3310 alias
785 3252 885 3312 tamen
907 3247 966 3308 sibi
981 3247 1119 3310 'inuicem
1138 3246 1251 3334 infesta

75 3354 179 3428 erant,
209 3352 353 3412 communi
375 3354 489 3416 tantum
511 3352 730 3416 Aramaeorum
753 3352 870 3413 nomine
895 3351 1058 3427 insignitas
1097 3347 1169 3416 cerr
1191 3363 1250 3410 nou

74 3453 191 3534 potuit,
224 3451 296 3532 quin
324 3454 410 3514 vires
440 3455 564 3516 omnium
588 3458 673 3518 tanta
694 3454 887 3516 diminutione
906 3454 939 3515 et
959 3452 1026 3512 lere
1045 3449 1250 3553 amputatlone

74 3556 299 3634 frangerentur.
351 3553 425 3636 Ipsa
452 3557 551 3618 ιιιιιιειι
577 3558 711 3619 locorum
743 3556 873 3618 condilio
900 3553 1060 3632 obstabat,
1093 3547 1250 3635 quominus

29 3691 34 3702 =
76 3657 192 3718 unius
183 3656 307 3738 rmperio
329 3657 471 3738 singulae
487 3659 703 3740 Aramacorum
725 3660 838 3736 gentes
854 3660 887 3720 ot
907 3655 1022 3716 urbes
1013 3673 1043 3715 ιιι
1060 3671 1145 3722 unam
1164 3671 1248 3714 rem-

74 3823 282 3836 ..—-—-------

179 3941 206 4010 1)
232 3939 310 4010 Apud
334 3941 502 4000 Christianos
527 3945 629 4002 demum
652 3947 799 4014 scriptores
823 3943 875 3998 hoo
892 3956 988 3996 nomeu
1007 3939 1140 4003 occurrit,
1166 3951 1250 4008 quare

76 4029 204 4080 maiorem
224 4023 287 4078 buic
310 4027 452 4084 traditIoni
476 4034 662 4086 anctoritatem
681 4045 715 4084 ne
735 4030 900 4094 tribuamus,
925 4038 1004 4096 quam
1020 4021 1163 4093 Ephraemi
1180 4022 1249 4076 ulio-

74 4124 186 4178 rumque
204 4111 339 4179 opiuioui,
360 4116 406 4184 qui
424 4112 511 4173 Erech
529 4114 673 4179 Edessam,
690 4113 778 4168 Accad
797 4112 904 4168 Nisibin
921 4115 971 4165 eto.
987 4110 1205 4177 interpretantur.
1228 4103 1250 4161 l.

73 4195 104 4250 D.
131 4192 274 4250 Michaelis
299 4193 428 4265 Syrorum
455 4202 595 4256 tradicioui
620 4199 653 4254 de
680 4199 745 4270 urbe
769 4199 845 4252 Zoba
865 4198 976 4250 maxime
999 4194 1183 4264 patrocinatus
1201 4197 1251 4254 est,

72 4294 122 4332 nec
140 4285 229 4334 tamen
255 4279 353 4336 ualidis
373 4299 431 4340 eam
451 4285 615 4356 argumentis
636 4285 821 4354 comprobans.
861 4281 963 4336 Debitio
990 4281 1096 4332 omniuo
1115 4283 1141 4332 et
1159 4290 1253 4330 manea

73 4366 158 4432 aptore
179 4362 332 4440 Michaelis.
