3014 5008
1197 299 1361 406 ¹rrx

90 473 239 555 simulque
268 469 454 548 Nanaraels,
489 468 541 550 qul
564 463 759 531 clalnaleam
789 456 907 549 qni'dom
932 468 1091 532 dialectum
1114 470 1280 533 servabant

91 595 160 638 eam
191 578 287 636 autem
311 574 465 636 diuersam
495 589 513 631 a
537 569 695 649 Syriasmo
717 568 870 632 versionis
892 570 1064 651 Simplirals,
1092 572 1148 632 ium
1170 573 1199 632 in
1223 579 1278 634 su'-

93 679 243 758 periorom
260 677 381 756 Syriam
409 673 517 737 oculos
537 673 772 754 transferamus,
793 691 860 735 num
884 674 913 734 ln
935 671 1127 738 Antiocheno
1148 676 1279 752 regione

91 779 229 857 uestigia
254 782 286 840 et
307 778 444 840 natalitia
466 765 619 838 versionis
640 779 765 840 nostrae
788 778 937 854 detegere
950 775 1113 856 possimus.
1154 773 1189 836 lul
1203 785 1278 839 sane

90 884 196 961 erant,
228 883 278 962 qui
300 880 518 962 proponerent.
1031 899 1035 908 ·

99 993 101 1000 ·
198 984 376 1063 „Pastores
399 979 554 1066 quosdqm
571 977 720 1042 oredimus
733 975 771 1060 “,
800 980 896 1060 inquit
918 977 1074 1057 ltlrlleias,
1094 980 1280 1046 aestimator

92 1083 200 1144 barum
230 1101 328 1144 rerum
358 1088 462 1148 cautus
494 1080 865 1162 admodum'etgnarus,
895 1082 952 1161 „in
974 1081 1124 1142 radiorum
1147 1085 1277 1160 gratiam

92 1187 123 1247 iu
145 1186 240 1266 pagis
263 1185 451 1266 degentium,
485 1184 593 1266 quibus
616 1181 736 1246 Graeca
756 1183 864 1261 lingua
887 1183 983 1244 minus
1005 1185 1071 1245 erat
1091 1186 1179 1264 nota,
1202 1187 1277 1246 tex-

91 1291 152 1352 tum
176 1305 294 1350 sacrum
319 1287 427 1350 Latine
441 1273 576 1364 lloma'e,
598 1283 777 1376 Antioohiae
795 1285 926 1364 Syriaca
948 1285 1154 1346 reddidisse.“
1195 1285 1277 1347 lolem

93 1392 152 1453 alio
188 1390 279 1452 looba
308 1388 517 1468 „Antioohiae
549 1389 694 1450 nascente
724 1387 856 1449 ecclesia
885 1385 990 1448 ludaei
1020 1387 1048 1448 ln
1079 1386 1215 1448 Graecos
1246 1391 1278 1449 ot

93 1493 256 1552 Hebraeos
279 1491 411 1554 distincti
435 1495 538 1566 eraut‚;
560 1493 647 1552 eraut
665 1489 750 1552 multi
759 1501 774 1569 ,¹
793 1489 845 1576 qni
868 1489 979 1550 nullam
999 1489 1056 1549 nial
1074 1487 1184 1568 Syram
1207 1488 1275 1550 cal-

94 1595 200 1656 lebant
220 1591 391 1655 dialectum.
436 1592 597 1676 Antiquior
621 1594 653 1655 et
675 1591 881 1672 praestantior
905 1593 954 1654 est
975 1591 1116 1671 Simplex
1131 1593 1277 1653 ’omnibus

94 1695 223 1776 antiquis
240 1693 357 1756 Latinis
378 1673 605 1756 versionibus.“
647 1691 688 1754 lul·
704 1703 781 1756 sane
801 1693 926 1754 dandum
950 1697 998 1756 est
1020 1695 1275 1774 viropraestan7

91 1797 224 1874 tissima,
252 1796 282 1855 iu
305 1795 398 1875 Syria
424 1795 613 1859 occidentali
638 1781 754 1860 minime
779 1797 904 1857 omnium
926 1797 1023 1858 tuisse
1048 1795 1193 1864 Graecam
1214 1795 1275 1856 lin-

92 1917 182 1976 guam
199 1898 290 1960 satis
319 1897 492 1975 uulgarem.
541 1899 672 1980 Aliquot
702 1899 843 1980 exempla
874 1899 1076 1980 posteriorum
1107 1903 1276 1980 temporum
1378 1903 1381 1912 '

90 2001 139 2064 bio
167 2000 319 2078 colligere
346 2000 449 2081 lubet,
474 2000 553 2088 unde
576 2001 729 2084 Syriacae
755 2001 880 2079 linguae
903 2002 1143 2078 eonsuetudo'iu
1165 2003 1275 2077 regio-

90 2104 179 2164 nibus
218 2103 264 2164 cis
295 2101 488 2184 llupbratem·
513 2103 581 2166 sitis
619 2102 843 2182 cognoscatur,
883 2105 1058 2184 quibuscum
1085 2103 1277 2164 conferantur

90 2223 170 2288 quae
205 2221 299 2286 supra
338 2203 490 2267 attulimus
519 2225 597 2288 pag.
625 2203 694 2275 aa·
724 2203 758 2288 ln
787 2207 852 2268 vita
883 2201 1044 2292 Hilarionis
1074 2205 1275 2284 Hieronymus

11 2343 12 2348 κ
90 2308 197 2368 narrat
224 2305 474 2382 Palaestinenses
499 2299 629 2388 Syriaco
652 2305 760 2390 loqui,
791 2307 870 2390 qnod
893 2307 931 2370 te
951 2307 1011 2370 illis
1033 2307 1198 2389 praecipue
1218 2325 1275 2370 ao-

90 2405 258 2489 cipieutum
289 2414 355 2488 eat,
393 2410 444 2492 qui
474 2398 558 2472 trans
590 2409 746 2472 Iordanem
781 2412 810 2472 iu
841 2411 971 2478 desertis
1000 2410 1155 2494 minusque
1186 2410 1275 2484 cultis

90 2510 272 2589 regionibus
313 2511 480 2589 degebant.
530 2512 660 2591 Syriaca
697 2514 822 2592 scripsit
855 2514 1028 2574 monasterii
1066 2513 1217 2576 cuiusdam
1245 2513 1274 2572 in

92 2613 270 2676 Palaestina
297 2613 392 2676 abbas
418 2601 607 2694 Gregorius,
638 2613 825 2700 lberonymc
843 2614 1008 2696 aequalis,
1036 2615 1085 2696 qui
1109 2617 1219 2695 postea
1241 2615 1274 2674 in

92 2715 229 2796 Gyprum
254 2731 289 2776 se
317 2714 459 2794 contulit,
486 2715 526 2775 ibi
557 2721 675 2796 quoque
698 2719 733 2777 ut
754 2717 875 2778 videtur
896 2719 1068 2799 nonasterii
1087 2717 1182 2778 abbas
1204 2718 1273 2779 iao-

88 2821 140 2878 tus
158 2813 187 2899 ¹)
216 2813 354 2897 [Assem.
382 2816 406 2877 l.
437 2835 514 2896 pag.
546 2815 646 2900 llo).
698 2819 740 2882 Ut
769 2819 807 2879 ad
834 2817 1045 2896 Goelesyriam
1074 2808 1273 2894 transeamus,

88 2922 118 2980 in
141 2918 288 2982 coenobio
310 2919 344 2980 S.
356 2919 492 2982 Maronis
511 2917 689 3002 [Theodor.
710 2919 781 2982 hist.
805 2897 946 2996 relig.'o.
970 2909 1058 2998 lo),
1081 2919 1162 3000 quod
1183 2918 1273 3002 Apa-

89 3041 183 3084 meam
208 3023 287 3082 inter
317 3023 349 3083 et
373 3021 510 3096 liuresam
546 3023 584 3085 ad
607 3021 750 3082 Orontem
783 3021 871 3080 situm
903 3023 986 3100 erat,
1014 3020 1120 3098 lingua
1143 3019 1273 3100 Syriaca

88 3125 203 3201 viguit.
248 3121 376 3184 loannes
405 3123 494 3212 lilaro
517 3120 699 3204 'patriarcba
719 3121 929 3186 Antiochenus
959 3124 1039 3185 circa
1069 3099 1275 3188 aunum'Cbr.¹
1307 3152 1311 3156 ¹

46 3215 49 3226 '
88 3222 197 3304 DGG,
227 3241 323 3306 prope
345 3226 535 3290 Antiochiam
558 3225 708 3288 nobilibus
729 3226 904 3306 parentibus
929 3227 1071 3288 oriundus
1093 3225 1274 3290 Antiochiae

90 3327 208 3408 quidem
231 3325 353 3390 scholas
375 3329 598 3410 frequentavit,
622 3328 677 3390 sed
703 3327 849 3391 Graecam
871 3328 1004 3406 linguam
1026 3335 1135 3409 postea
1156 3333 1271 3394 demum

92 3427 482 3513 Constantinopolididioit
510 3417 650 3516 [Assem.
680 3429 706 3492 1.
733 3451 807 3512 pag.
837 3427 939 3512 498).
991 3429 1162 3514 Presbyter
1194 3455 1273 3516 quo-

89 3519 149 3614 que
179 3529 409 3614 Antiochenus,
449 3535 592 3614 lsaaous,
629 3535 681 3614 qui
710 3532 874 3599 Zenobiam
903 3539 1133 3616 praeceptorem
1159 3535 1275 3613 babuit,

87 3633 249 3715 prraeuii
280 3632 475 3717 discipulum,
509 3635 614 3708 abbas¹
635 3637 747 3714 postea
776 3635 910 3712 electus,
937 3638 987 3716 qui
1008 3639 1137 3697 carmine
1158 3637 1273 3698 Antio·
1318 3678 1322 3686 ,

86 3735 172 3800 chiae
203 3736 317 3798 ruinam
348 3736 468 3818 plauxit
496 3735 592 3821 (459)
625 3736 664 3796 ob
689 3746 855 3796 sermonem
876 3735 987 3814 Syrum
1006 3737 1210 3812 nitidissimum
1234 3739 1272 3800 ab

85 3823 201 3901 Iacobo
217 3837 387 3926 ¹lisless‘eno
419 3827 497 3902 inter
527 3839 658 3921 optimos
687 3839 855 3930 scriptores
887 3831 1055 3902 collocatur
1080 3839 1171 3923 [ibid.
1197 3859 1272 3922 pag.

85 3937 193 4028 210.)
217 3958 220 3970 ·
241 3937 317 4002 item
350 3939 477 4004 Goumas
515 3943 544 4002 in
576 3939 757 4022 Goelesyrla
794 3942 960 4024 presbyter
989 3943 1114 4025 scripsit
1143 3943 1272 4024 Syriaoe

85 4043 160 4104 acta
180 4040 495 4138 SimeonisStylitae.
511 4107 517 4117 ,
536 4041 571 4104 ln
590 4045 657 4124 ipsa
678 4045 775 4137 insula
790 4043 895 4128 Gypro
914 4045 1045 4126 Syriaca
1065 4047 1170 4126 lingua
1193 4045 1271 4106 mul-

84 4195 289 4210 ἢ...

190 4271 222 4346 1)
241 4275 401 4348 Nuperrime
423 4283 452 4336 iu
469 4295 567 4350 magno
582 4276 753 4336 Palaestinae
771 4265 866 4348 antro,
886 4283 958 4354 quod
969 4301 1023 4338 uon
1038 4284 1145 4347 multum
1159 4294 1176 4334 a
1190 4277 1271 4334 Bollu-

81 4361 170 4418 leben
188 4363 287 4428 distat,
313 4366 503 4434 inscriptiones
525 4365 713 4424 monachorum
731 4361 856 4438 repertae
873 4373 935 4424 aunt
953 4367 1090 4439 Syriacae.
1159 4369 1164 4382 '
