3006 5004
1231 323 1296 392 233
1344 349 1346 354 ·

9 481 11 490 ’
112 485 171 546 bus
197 485 286 547 lestis
316 488 356 566 et
381 485 537 548 ulonrlnlcls
565 475 803 570 adscripserunt.
855 485 977 554 Habent
1000 490 1173 558 Orientalcs
1194 499 1295 562 'nutas

112 603 239 670 quoquc
263 589 482 652 masorethicas
511 581 543 651 et
558 590 669 653 ¹tltulos
694 585 860 652 sectionum
883 595 1091 670 argumentum
1116 573 1294 679 lnd‘ica'ntes,
1396 582 1402 590 ’

24 711 28 722 ’
112 707 237 772 quorum
257 689 377 778 'notitia
403 690 483 754 baud
512 693 699 756 luiruetuosa
730 693 787 754 est.
835 693 883 754 De
911 693 1022 777 qulbus
1045 699 1180 761 omnihus
1205 683 1295 763 Suri-

110 795 221 873 pturae
246 795 397 887 Syriaope
417 794 517 857 lector
540 795 632 857 breul
655 793 858 859 admonendus
879 799 937 860 est.
981 793 1015 858 ln
1039 798 1156 882 textu
1146 819 1215 880 rpso
1238 803 1294 864 vix

108 896 271 975 probarem
308 899 442 988 nostram
478 915 620 958 uersuum
660 893 897 978 distinctionem,
936 915 1061 1002 quornm
1096 909 1238 964 numeros
1265 905 1294 964 ln

109 1000 252 1078 margine
273 1003 1107 1062 nutatura·

189 1101 271 1164 lll.
305 1093 442 1167 Gravior
470 1117 567 1184 neque
597 1101 688 1165 icelle
715 1097 907 1184 expedienda
928 1091 1061 1165 ¹a'lrletu'rr
1086 1103 1226 1184 quaestio
1255 1104 1294 1166 de

109 1205 286 1284 scripturae
320 1207 352 1268 et
388 1205 616 1286 punctationls·
626 1221 754 1298 genere.
813 1205 974 1286 Scriptura
1007 1205 1125 1287 qutdern
1162 1205 1294 1288 antiqua,

111 1299 302 1384 Eutrangelo
337 1306 434 1386 diota,
472 1305 548 1367 duas
578 1307 716 1387 peperit,
754 1294 1001 1370 Nestorianornm
1031 1325 1134 1386 onam,
1167 1305 1292 1370 alteram

112 1405 331 1471 Maronitarum
360 1429 386 1470 s.
414 1412 448 1472 ut
476 1407 650 1469 Nestorianl
678 1409 780 1472 dicunt
799 1397 1009 1472 lacobltarunr.
1052 1409 1138 1472 Haec
1161 1410 1310 1491 quidem,

11 1511 14 1520 '
115 1527 206 1590 quum
233 1509 317 1592 apud
341 1529 397 1573 nos
421 1531 454 1574 a·
448 1511 566 1592 ·prlmls
589 1510 657 1572 lndc
680 1511 867 1592 temporlbus
892 1512 1054 1575 invaluerit
1071 1513 1108 1586 et
1133 1513 1291 1576 lornrarnru

113 1611 289 1676 facilitate
293 1631 328 1686 se
355 1613 558 1692 oonmrcndet,
597 1631 655 1675 non
680 1613 846 1706 rellcienrla
863 1617 933 1677 est.
978 1609 1079 1677 [ſtrum
1104 1631 1179 1674 uero
1202 1613 1291 1676 adhi-

113 1714 213 1776 bencla
238 1717 299 1778 slat
321 1705 439 1795 parieta
461 1713 655 1778 Orientalium
687 1733 725 1796 an
745 1717 839 1794 signa
861 1716 1010 1778 vocalium
1034 1715 1169 1798 (iraeca,
1199 1717 1291 1778 dubl

113 1816 233 1878 uncum
254 1817 389 1881 videtur.
434 1815 618 1886 Graecorum
641 1819 769 1882 vocales
786 1819 888 1897 magis
902 1820 1063 1900 magisque
1079 1818 1174 1880 libros
1190 1819 1291 1882 editos

113 1924 313 2000 oocuparuht,
342 1932 432 2001 quom
455 1920 540 2000 prins
561 1921 682 2004 iunctae
703 1924 811 1983 essent
828 1941 892 1984 curn
906 1922 1026 2001 punctis
1040 1922 1182 2003 antiquis.
1226 1921 1291 1983 b'a-

114 2021 215 2085 eilltas
255 2023 371 2104 quidem
407 2021 558 2085 vocalium
587 2021 771 2110 Graecarum
808 2015 936 2084 rn'axlme
965 2022 992 2082 ri
1021 2001 1108 2102 prelo
1139 2024 1291 2102 scriptura

114 2125 326 2199 committenda
357 2129 424 2205 est,
460 2124 701 2204 commendatum
731 2127 864 2187 attamen
893 2123 930 2206 ab
960 2123 1089 2205 antiquo
1114 2127 1146 2186 ct
1166 2127 1291 2206 proprio

111 2229 283 2308 scripturae
307 2227 470 2291 Semrtlcae
490 2224 666 2309 charactere
686 2226 784 2314 plano
796 2201 969 2290 abhorrent.
1010 2225 1154 2287 Punctum
1176 2225 1290 2289 ‹llaurl-

111 2332 202 2393 tlcum
232 2333 289 2393 vix
311 2329 483 2404 sulliceret3
512 2345 607 2416 quare
632 2331 734 2410 potins
756 2322 901 2412 quintine·
914 2304 1080 2391 vomitum
1088 2327 1199 2410 puncta
1220 2329 1288 2392 Ne·
1319 2355 1322 2362 ·

6 2475 7 2490 .
110 2434 256 2496 storlanis
294 2437 326 2496 et
355 2431 501 2495 laoobitis
531 2433 695 2494 communia
725 2427 950 2496 adhibeantur.
966 2427 1161 2507 'Alligantur
1190 2433 1289 2494 autern

111 2536 234 2601 tabulae
261 2535 403 2616 exempla
432 2532 613 2598 exhibentes
645 2535 750 2608 variae
779 2533 949 2614 scripturae
979 2531 1164 2612 simulque
1155 2551 1184 2592 ιιι
1208 2533 1289 2594 Pro·

110 2639 282 2717 hegumenis
304 2641 427 2701 notetur
450 2636 600 2712 vocalium
624 2636 703 2718 apud
725 2637 828 2699 varlas
850 2627 998 2715 Syrorum
1013 2633 1152 2695 nationes
1168 2633 1289 2696 discre-

111 2744 216 2825 pantia
244 2745 276 2804 at
297 2742 420 2804 diversa
448 2740 670 2834 pronuntiatio,
701 2741 877 2804 accentuum
896 2753 1015 2820 quoque
1037 2735 1152 2798 lormae
1175 2739 1208 2800 et
1229 2755 1288 2800 no-

111 2847 190 2908 mina
220 2843 394 2918 tradantur3
428 2835 580 2904 sufficiat
587 2841 726 2902 antem
716 2859 746 2902 ιιι
775 2841 900 2902 textu
891 2858 960 2920 rpso
983 2838 1184 2924 interpunctio
1208 2837 1290 2916 talis,

112 2947 243 3030 qualis
235 2965 264 3007 ιιι
287 2946 359 3008 edit.
383 2943 547 3007 Viennensi
571 2943 733 3024 reperitur.
776 2941 873 3004 Porro
895 2940 1051 3032 punctatlo
1075 2959 1093 3001 a
1115 2939 1298 3020 praeceptis·

113 3050 317 3128 grammaticis
341 3049 464 3130 pendet.
509 3043 576 3134 Qua
599 3047 629 3106 in
648 3059 683 3106 re
702 3063 780 3109 nunc
801 3065 861 3108 non
884 3039 1084 3128 quaerendum
1096 3043 1167 3121 est,
1178 3044 1289 3102 utrum

112 3151 326 3230 Tremellium,
365 3149 570 3229 Ruxtorlimn,
615 3137 692 3211 allos
733 3149 818 3210 viros
856 3141 1081 3211 challainantes
1115 3161 1152 3206 an
1189 3143 1290 3224 Syros

113 3257 217 3336 ipsos,
261 3252 411 3332 Amham,
455 3248 698 3336 bichellenscm,
725 3249 896 3314 Gabrielem
934 3249 1081 3313 Sionitam
1127 3241 1301 3330 eorumque

112 3357 316 3439 pedissequos
347 3353 521 3434 audiamus,
553 3355 586 3416 ut
617 3353 685 3416 olim
712 3353 886 3448 thothimus,
914 3349 1093 3414 heusdemls
1115 3353 1148 3412 et
1167 3347 1289 3412 Subac-

111 3459 169 3521 lius
198 3453 423 3538 disceptarunt3
461 3457 615 3537 comperto
647 3457 742 3538 enlm,
778 3457 879 3538 Syros
908 3456 985 3518 lntcr
1012 3469 1048 3514 se
1076 3452 1163 3530 ipsos
1192 3449 1289 3531 varlls

112 3561 190 3623 locis
220 3563 252 3622 et
281 3559 468 3640 temporibus
498 3560 528 3620 ln
557 3560 661 3622 varias
689 3561 795 3640 partes
823 3559 953 3635 abiisse,
992 3553 1148 3636 quaeritur
1175 3550 1289 3630 potius,

112 3681 304 3748 quorumnam
330 3665 497 3744 praecepta
522 3679 653 3730 normam
683 3660 771 3722 nobis
800 3661 832 3722 et
858 3659 962 3734 legem
985 3654 1094 3747 ierant.
1143 3649 1291 3738 Syllabas

113 3765 232 3848 quidem
257 3763 364 3826 finales
377 3757 414 3827 'ln
435 3763 538 3826 Verbo
560 3763 635 3842 Syri
659 3749 761 3821 onines
781 3761 882 3822 mutas
904 3773 974 3817 esse
995 3753 1117 3833 labent,
1144 3751 1200 3814 soll
1222 3771 1289 3815 ma-

112 3869 193 3928 xime
212 3865 250 3928 de
273 3867 424 3929 vocalium
446 3866 688 3950 pronuntiatione
714 3861 834 3924 etaliis
856 3857 1034 3943 quibusdam
1055 3856 1147 3918 rebus
1163 3855 1290 3916 minoris

111 3968 253 4028 momenti
283 3967 458 4032 Nestorlani
488 3979 507 4031 ιι
531 3965 675 4031 lucobitls
696 3959 853 4037 dlllerunt3
885 3962 962 4024 adeo
986 3960 1016 4021 ln
1038 3957 1289 4021 vocabulisior-

112 4070 226 4152 mlsque
258 4071 360 4135 multis
391 4073 497 4156 qulbus
526 4073 559 4135 et
586 4071 660 4152 quot
683 4043 843 4131 vocalibus
867 4063 1060 4130 instruendae
1085 4060 1289 4158 sinu-ambi-

112 4174 216 4252 gitur,
250 4192 339 4254 quum
368 4175 419 4238 alii
444 4178 586 4240 auctores
611 4175 643 4236 ct
664 4171 851 4259 exemplaria
872 4170 959 4234 aliam
983 4169 1129 4231 rationem
1151 4179 1289 4242 sequan-

111 4279 170 4338 tur.
215 4276 345 4340 Primum
371 4278 469 4357 ¹igitur
499 4280 602 4342 certae
631 4295 667 4339 au
695 4277 845 4358 probatae
872 4261 1091 4354 granrhaticac
1120 4265 1151 4326 et
1180 4261 1289 4325 ortho-

112 4376 261 4459 graphiae
290 4377 384 4456 leger
414 4379 643 4444 constituendae
675 4382 761 4456 sunt,
796 4378 835 4439 aul
865 4394 940 4457 quas
962 4368 1115 4454 punctatlo
1139 4365 1290 4448 aequabili
