3006 5004
225 305 291 370 ill

224 495 280 544 ner
302 478 409 542 textos
429 473 550 559 qnoque
574 478 713 558 Syriaci,
745 497 824 564 qaas
847 478 1020 558 eollegerat
1041 475 1224 542 Trostium·
1256 509 1259 518 =
1298 475 1409 540 eot-

116 621 123 642 .
224 581 373 657 birine,
404 579 451 640 cri
482 580 541 640 duo
570 586 657 645 erant
678 582 899 662 manuscripta,
927 584 1045 644 textum
1070 599 1088 642 a
1109 595 1146 640 se
1167 578 1277 641 editum
1299 580 1339 642 ad
1362 578 1409 642 ni.

224 686 260 750 S.
292 680 506 770 Lugdunensis
534 679 627 743 tidem
654 683 683 748 in
713 684 846 762 veteris,
883 685 917 746 ut
943 684 1004 763 ait,
1033 681 1237 762 punctatiouis
1258 679 1408 744 honorem

222 784 359 850 restituit
374 779 415 864 ¹).
440 785 492 826 -'
524 783 743 862 largissimam
772 787 922 848 variarum
950 785 1112 866 lectionum
1140 786 1283 860 segetem
1307 789 1408 865 prae·-

87 877 92 889 ‘
223 890 288 951 buit
320 881 552 964 Schaaiios,
587 887 638 968 qui
667 885 749 949 Nou.
774 886 917 950 ll'estam.
944 884 1020 966 Syr.
1052 885 1092 946 ad
1120 900 1224 946 omnes
1252 886 1408 950 editiones

223 990 388 1068 diligenter
416 989 580 1049 recensuit.
631 987 715 1064 llaec
744 988 895 1051 bcusdeni
924 992 956 1054 et
978 986 1111 1052 Sebaabi
1138 988 1232 1050 editio
1261 991 1406 1072 tanquam

224 1090 449 1157 accuratissima
471 1089 583 1150 ceteris
609 1089 736 1169 palmam
759 1091 938 1179 praeripuit.
981 1089 1135 1154 Discessit
1155 1093 1254 1154 tamen
1278 1089 1406 1154 Sobaa·

225 1197 282 1258 lius
305 1194 334 1254 in
357 1209 396 1254 eo
421 1211 438 1253 a
458 1191 635 1270 hamdene,
665 1193 794 1273 etipse
815 1194 992 1274 Syriacarn,
1014 1192 1194 1254 Leusdenus
1208 1191 1405 1256 Chaldaicam

210 1295 457 1380 punctationem
471 1291 633 1374 probaret,
666 1295 795 1375 etipse
823 1296 932 1359 scribit
953 1289 1006 1366 'bis
1038 1294 1163 1357 verbis:
1194 1293 1405 1381 „Lemdenus

223 1417 289 1461 eum
318 1397 503 1475 Tremellio,
539 1394 657 1476 illasio,
693 1395 871 1478 libatorio,
912 1393 1045 1459 Wasero
1073 1395 1202 1477 aliisque
1237 1397 1303 1458 iere
1333 1397 1404 1460 lle·

223 1487 429 1562 braiuantibbs
458 1501 490 1560 et
511 1495 780 1561 Chaldainautlbus
809 1499 847 1560 ad
858 1497 969 1584 ’Wawl
985 1495 1141 1560 terminale
1161 1495 1193 1560 3.
1217 1515 1299 1579 pers.
1321 1499 1404 1580 plur.

222 1619 317 1675 nasse.
344 1599 582 1662 Praeteritorum
611 1601 644 1659 et
673 1599 707 1662 ⁶2.
725 1619 809 1681 pers.
836 1600 915 1682 plur.
938 1615 1030 1660 masc.
1055 1615 1130 1676 gen.
1152 1598 1403 1680 imperativorum

222 1701 353 1764 adscribi
383 1699 510 1762 volebat
538 1699 687 1762 vocalem·
705 1698 827 1782 linono,
865 1719 929 1779 ego
958 1677 1023 1764 cnm
1047 1699 1123 1780 ipsis
1145 1696 1237 1780 Syris
1260 1701 1401 1794 voeqlcm

221 1804 331 1866 nullam
356 1801 397 1862 lbi
425 1801 652 1865 adscribendam
679 1820 751 1866 osse
780 1804 965 1866 asserebam
1015 1801 1180 1865 Terminali
1202 1802 1259 1866 lud
1279 1805 1402 1868 Prono-

222 1922 307 1984 minis
328 1904 442 2008 uti-'L
466 1917 653 2009 Aiiixorum,
675 1920 845 2012 bserborum
868 1919 898 1984 2.
921 1939 1005 2002 pers.
1029 1919 1111 2000 sing.
1133 1901 1242 2004 leem}
1263 1921 1293 1987 3.
1316 1941 1400 2006 pers.

221 2057 300 2140 plur.
331 2055 422 2116 inem.
452 2054 510 2152 etc.
544 2056 690 2146 praeponi
716 2055 843 2120 volebat
874 2054 1011 2118 vocalem
1031 2053 1195 2140 Gbevono,
1230 2058 1345 2141 inqua
1371 2082 1400 2114 a

222 2175 414 2258 quiesceret:
448 2176 573 2250 egoet
600 2172 649 2236 bic
682 2157 783 2252 Syubs
810 2159 930 2248 ‚imitans
959 2172 1069 2234 nullam
1104 2174 1240 2236 vocalem
1262 2184 1400 2256 praepo·

221 2275 346 2338 nondam
381 2291 451 2336 esre
488 2274 634 2338 dicebam.
690 2275 769 2336 Dein
804 2277 922 2351 tertiam
951 2275 1117 2364 radicalem
1145 2274 1176 2338 l.
1204 2294 1302 2358 pers..
1320 2277 1400 2358 plur.

220 2377 359 2456 Praeter·
382 2377 522 2463 punctari
547 2358 797 2444 nolebat-vocali
821 2377 980 2464 Petocbo,
1004 2395 1067 2456 ego
1090 2395 1132 2444 ex
1153 2377 1301 2458 Syrorum
1324 2397 1400 2440 sen-

222 2481 316 2545 tentia
343 2496 408 2540 eam
435 2478 565 2541 litteram
599 2481 664 2542 sine
689 2480 797 2544 cocali
826 2479 1049 2563 imprimendam
1077 2497 1148 2544 esse
1171 2481 1298 2544 aiebam.
1342 2481 1399 2544 Si-

220 2583 295 2646 mili·
312 2579 400 2646 modo
438 2580 651 2660 inoperativum
688 2581 832 2664 uttaphal
871 2581 1103 2648 Deiecti'vorum
1142 2583 1238 2662 prima
1274 2583 1399 2646 radicali

199 2699 387 2784 ¹promanat
408 2663 559 2781 edint,
587 2701 662 2783 eyn
686 2703 832 2782 punctam
854 2663 986 2786 anelli
1010 2701 1042 2761 et
1059 2697 1154 2762 unam
1197 2697 1332 2763 Secutus
1350 2705 1399 2764 est

220 2817 381 2886 Sobaalius
415 2819 583 2902 proece'pta
612 2817 783 2891 lacusdeni3
820 2817 885 2878 eius
924 2819 1022 2878 tamen
1054 2820 1150 2880 morte
1178 2817 1396 2898 intercedente,

220 2921 373 3007 quemad
394 2938 515 2988 versum
541 2939 637 3003 usquo
658 2921 841 2999 vigesimum
860 2938 930 3000 cap.
952 2919 1025 3000 XV.
1046 2919 1170 2998 Evang.
1192 2919 1293 2984 imeae
1315 2927 1394 2982 ven-

85 3107 90 3112 ·
220 3032 293 3091 tunm
312 3026 413 3102 esset,
444 3023 699 3104 insequentibus
721 3024 874 3104 propriam
899 3023 1078 3100 sententiam
1101 3025 1253 3086 servavit.
1295 3023 1394 3104 ipsum

218 3131 335 3194 textum
358 3125 439 3205 qnod
463 3125 586 3206 attinet,
619 3145 675 3206 pro
697 3126 888 3188 fundamento
913 3124 1018 3204 posuit
1046 3108 1204 3194 Schaaiins
1232 3127 1393 3188 editionem

220 3230 438 3299 Viennensenm
472 3243 549 3307 quae
578 3231 678 3290 tamen
706 3247 794 3310 quum
824 3245 882 3289 non
906 3223 1040 3288 omnibns
1065 3229 1210 3290 instructa
1231 3229 1272 3290 sit
1295 3247 1393 3292 voca-

458 3321 461 3329 ’
715 3319 725 3354 ·’
1313 3328 1394 3388 libus

215 3521 301 3568 torem
331 3511 482 3568 versionem
512 3511 630 3572 invenit,
663 3512 705 3562 cui
740 3476 902 3580 adsoliptum
930 3493 1018 3576 cram·
1036 3497 1219 3580 non'quidem
1242 3509 1299 3577 legi
1324 3507 1393 3564 hunc

127 3616 132 3626 ¹
215 3599 301 3651 locum
327 3598 356 3648 iu
374 3595 502 3666 Syrorum
529 3594 739 3662 exemplaribus,
759 3595 807 3650 sed
826 3598 960 3658 invenisse
980 3611 1039 3649 eum
1056 3595 1158 3650 Abbam
1177 3593 1287 3647 Paulum
1307 3594 1350 3662 (i)
1367 3603 1393 3649 et

214 3682 385 3745 transtulisse
411 3679 479 3733 hanc
502 3678 641 3732 historiam
666 3682 694 3732 in
712 3679 865 3750 'Syriacum
903 3674 935 3734 Et
959 3681 1030 3734 aliae
1048 3679 1165 3734 eiusdem
1182 3677 1314 3735 historiae
1331 3695 1392 3732 vor-

214 3773 305 3823 siones
330 3772 437 3820 exstare
461 3765 592 3819 uidentur.
636 3764 676 3818 Gi.
702 3763 860 3832 Bernstein,
887 3765 946 3835 Syr.
971 3764 1091 3818 Studien.
1128 3763 1167 3817 lle
1190 3763 1245 3817 Bar
1264 3762 1390 3826 Salibaeo

212 3834 273 3908 ville
293 3861 384 3920 supra.
1131 3851 1137 3860 “

296 3948 350 4017 ,1)
386 3947 427 4002 (ll.
460 3946 592 4017 appendix
624 3947 717 4001 Lexiei
746 3947 851 4018 Syriaci
880 3945 1007 4001 oxlnibens
1038 3947 1175 4001 variantes
1197 3947 1390 4014 punctationes.

213 4035 302 4091 Bruns
321 4037 349 4087 in
367 4029 523 4086 Eichlnornii
540 4030 682 4100 Repertor.
700 4031 756 4087 XV.
792 4031 963 4084 Animaverat
987 4028 1124 4084 Gutbirius
1149 4029 1296 4098 exemplum
1317 4044 1389 4082 snum

213 4121 386 4175 Trostianum
403 4117 542 4172 vocalibus
560 4132 592 4170 ex
611 4115 649 4172 M.
669 4113 1087 4186 S:ConstantiniL’llmpereur.
1114 4113 1175 4169 vid.
1194 4113 1388 4178 ltosenmiuller‚

214 4203 351 4258 Literatur
378 4202 427 4256 der
452 4202 517 4256 bibl.
542 4195 632 4254 Kri'tilu
655 4200 709 4254 uml
733 4197 816 4270 Eueg.
842 4198 902 4253 Tbl.
929 4198 976 4252 Ill.
1003 4216 1028 4269 p.
1046 4203 1104 4257 116.
1139 4197 1170 4252 In
1187 4197 1226 4252 M.
1247 4197 1275 4251 S.
1296 4198 1343 4251 illo
1361 4212 1389 4252 se

213 4289 348 4355 reperisse
374 4289 413 4340 ait
437 4287 567 4356 reliquias
592 4283 720 4355 quasdam
739 4286 866 4354 antiquae
891 4285 1088 4353 praelationis,
1115 4298 1185 4354 quae
1209 4285 1237 4338 in
1254 4281 1389 4336 nonnullis

213 4370 276 4426 libri
293 4371 405 4428 uocibus
423 4385 570 4442 uocumque
587 4369 699 4441 syllabis
712 4371 913 4440 'apparuissent
