2974 5012
226 313 248 377 ²¹

230 485 348 565 trisque
369 495 476 544 nomen
499 493 687 557 magnopere
706 477 943 556 pronuntiarunt,
972 494 1053 552 gons
1068 473 1165 536 altera
1179 491 1276 556 eaque
1293 492 1418 552 cogna—
1473 465 1474 468 ’

230 589 263 651 ta
292 603 364 648 sese
393 581 479 665 quasi
511 579 680 641 Inseruisse
714 577 837 638 videtur
865 577 1085 640 Aramaeorum
1117 579 1205 657 stirpi
1235 597 1271 640 ac
1303 583 1419 655 terrae,
1473 571 1474 588 ¹

229 689 273 751 ita
293 691 328 750 ut
349 688 379 746 in
402 701 491 744 unum
515 679 661 744 cumillis
686 679 829 760 populum
845 679 1022 744 coaluerint.
1065 679 1323 758 lanr·nronuimuS‚
1346 679 1418 740 'La-

230 791 337 850 banem
362 787 472 849 dictum
487 803 558 846 esse
573 783 774 862 Aramaeum,
796 799 895 864 neque
910 783 1026 844 omnino
1043 783 1172 844 dubitari
1188 785 1312 862 potest,
1344 783 1417 870 quin
1473 855 1474 862 ἵ

232 891 358 968 cognati
386 893 419 952 ei
450 887 568 971 posteri
600 887 665 947 eius
687 905 757 948 cum
787 885 947 947 Aramaeis
979 903 1051 946 sese
1079 885 1281 947 contuderint.
1326 881 1418 966 Quod

230 992 378 1074 probatur
406 1009 447 1052 ex
476 989 642 1052 nominibus
672 988 847 1050 liliorum
880 986 1094 1066 Nachoris,
1124 987 1173 1068 qul
1204 985 1280 1048 Gen.
1309 985 1417 1065 XXli,
1472 979 1474 1034 i

237 1093 292 1158 ui.
315 1092 357 1158 Ἡ
379 1097 588 1167 recensentur.
641 1091 760 1154 Etenim
781 1109 869 1172 quum
894 1089 1065 1151 Abraamus
1096 1089 1154 1150 iter
1175 1083 1416 1169 prosequeretur

233 1199 262 1258 ln
284 1201 395 1260 terram
417 1213 515 1278 usque
540 1193 749 1271 Cananaeam‚
786 1191 935 1256 Naehoris
958 1191 1068 1253 lamilia
1089 1193 1203 1253 medios
1225 1179 1304 1253 inte'r
1327 1189 1415 1251 Ara-

233 1317 338 1362 macos
362 1301 538 1379 propagata
564 1299 622 1378 est.
667 1295 796 1356 Nomina
819 1296 914 1372 igitur
938 1290 1007 1355 filiis
1029 1295 1122 1355 indita
1144 1294 1223 1374 apud
1244 1293 1415 1354 Aramaecs

232 1403 366 1474 usitata3
395 1398 454 1479 lpsl
480 1415 515 1459 se
538 1385 707 1460 Aramaeos¹
730 1396 789 1458 dici
812 1397 895 1477 passi
920 1401 1006 1470 surat3
1036 1399 1127 1477 atque
1141 1393 1267 1456 ilemuel
1290 1413 1414 1471 cogno·

232 1505 358 1564 minatur
380 1503 469 1582 pater
490 1497 595 1562 Arami
618 1499 790 1578 cuiusdam,
824 1501 876 1582 qui
899 1498 967 1561 huic
989 1501 1099 1560 nomini
1121 1498 1327 1561 celebritatem
1351 1495 1412 1558 ali·
1473 1489 1474 1512 ¹

232 1621 321 1686 qnam
351 1619 481 1682 parasse
512 1601 730 1663 existimandus
761 1605 821 1662 est.
863 1603 960 1663 Porro
986 1601 1064 1663 inter
1082 1601 1159 1662 iiiios
1182 1599 1329 1662 Nachoris
1354 1617 1415 1662 oc·
1472 1607 1474 1666 i

233 1705 327 1768 currit
348 1717 442 1794 asgup
472 1699 522 1785 (v.
543 1699 621 1784 24),
651 1719 669 1762 a
695 1720 753 1782 quo
774 1720 902 1780 regnum
932 1718 1020 1766 naun
1047 1719 1111 1767 aare
1142 1719 1247 1763 nornen
1272 1699 1415 1787 adeptum
1473 1693 1474 1720 ¹

233 1811 293 1868 est.
343 1805 451 1883 Sarug
478 1805 626 1884 denique,
655 1810 696 1876 lut
722 1803 782 1866 alia
807 1824 886 1886 quae
916 1807 1010 1868 minus
1035 1811 1120 1870 certa
1148 1809 1234 1884 sunt,
1261 1795 1415 1880 ¹omittam,

233 1909 300 1970 urbi
321 1910 353 1969 et
373 1908 495 1984 regioni
517 1906 762 1988 Mesopotamiae
777 1925 891 1984 pomnen
916 1907 1000 1970 dedit
1021 1909 1099 1970 inter
1120 1907 1220 1988 Syros
1244 1905 1414 1968 celeberri-
1473 1889 1474 1960 l

232 2031 320 2073 mum.
372 2007 497 2072 Omnino
528 2010 608 2071 inter
634 2007 777 2070 Aramum
808 2013 841 2070 et
869 2007 1119 2090 Arpaohsadem,
1147 1993 1173 2072 ¹a
1203 2027 1262 2090 quo
1290 2007 1413 2071 Nachor
1473 1999 1474 2032 ³

233 2118 265 2178 et
298 2113 450 2176 Abramus
480 2113 595 2174 oriundi
624 2113 728 2194 orant,
756 2112 949 2188 cognationis
972 2117 1003 2176 et
1025 2114 1191 2175 vicinitatis
1217 2113 1416 2174 arctissimum

232 2213 384 2278 vinculum
413 2215 605 2277 statuendum
629 2217 687 2275 est.
732 2212 833 2296 Quare
857 2212 1003 2277 Chaldaei
1029 2233 1167 2297 quoquc,
1192 2215 1262 2276 sive
1287 2215 1324 2277 ad
1347 2215 1416 2276 Ar·
1473 2241 1474 2276 r

233 2315 370 2400 pacbsad
393 2317 461 2379 sive
485 2317 523 2381 ad
547 2315 650 2381 (lesed
668 2311 716 2398 ')‚
749 2315 1013 2380 filium-Naohoris
1038 2335 1139 2379 eorum
1159 2317 1307 2395 originem
1326 2317 1416 2378 rele-
1472 2303 1474 2458 Ι

232 2411 322 2500 ras,¹
341 2437 406 2482 cum
428 2419 587 2490 Aramaels
612 2411 751 2499 proxime
778 2420 979 2497 coniungendi
1004 2415 1132 2503 sunt²].
1175 2419 1222 2482 lta
1251 2437 1327 2480 vero
1356 2421 1416 2482 ianr

233 2541 252 2585 a
280 2521 428 2604 principio
457 2521 569 2584 lactum
597 2524 663 2601 est,
695 2525 728 2584 ut
751 2520 967 2583 Aramaeorum
990 2525 1072 2585 natio
1096 2541 1183 2605 quum
1204 2523 1288 2582 nirrris
1307 2523 1417 2602 mixta,
1472 2517 1473 2554 i

234 2623 331 2704 lunge
352 2625 475 2707 lateque
498 2623 623 2703 diffusa,
656 2625 813 2704 variisque
838 2623 978 2704 dispersa
997 2629 1083 2687 esset
1106 2623 1300 2703 regionibus,
1330 2625 1416 2686 nullo

233 2727 359 2789 unitatis
399 2727 522 2790 vinculo
554 2726 755 2804 colligaretur
786 2744 884 2808 neque
915 2733 1125 2806 coerceretur,
1168 2743 1261 2807 quare
1295 2727 1417 2789 etiamsi

232 2843 356 2892 numero
382 2833 604 2908 ettenorum,
635 2847 710 2910 quas
738 2833 986 2910 occupaverant,
1015 2831 1242 2912 opportunitate
1259 2832 1334 2892 satis
1353 2849 1417 2890 va-

165 2907 206 2956 ¹¹²
232 2931 347 3012 terent,
381 2949 530 3016 nunquam
553 2923 656 2994 tamen'
672 2929 829 2993 domimum
851 2933 880 2993 in
904 2931 980 2994 Asia
1002 2937 1214 2996 exercuerunt.
1266 2935 1270 2940 “

336 3033 491 3115 Tempore
523 3033 667 3096 Abrahae
699 3034 755 3095 vix
785 3035 840 3096 lam
869 3038 1052 3099 constitutae
1077 3038 1165 3099 erant
1191 3033 1417 3097 Aranraeo-

233 3150 309 3196 rum
329 3134 547 3208 civitates3
572 3135 700 3196 Davidis
720 3140 820 3201 autem
837 3142 939 3201 aetate
955 3139 1121 3203 floruerunt
1136 3139 1212 3203 haec
1227 3141 1283 3200 tria
1298 3155 1417 3216 regna:

339 3351 366 3418 1)
386 3347 416 3404 ln
434 3351 504 3405 libro
523 3351 646 3408 luchasin
664 3355 730 3413 haec
744 3361 908 3430 genealogia
922 3357 1050 3411 traditur:
1070 3398 1087 3421 ‚‚
1098 3355 1200 3408 Primus
1214 3351 1305 3418 Elam,
1326 3368 1416 3424 aquo

233 3435 371 3490 descendit
396 3451 465 3508 quae
488 3435 569 3492 hodie
594 3449 706 3497 vocatur
733 3441 833 3500 Persis.
870 3442 1007 3497 Secundus
1025 3441 1123 3504 Assur,
1149 3453 1236 3509 aquo
1256 3451 1324 3508 quac
1344 3453 1418 3495 norro

232 3526 348 3576 uocatur
372 3519 473 3578 Mozal.
516 3521 624 3578 Tertius
652 3527 814 3598 Arphaxad,
839 3543 856 3581 a
881 3545 934 3598 qno
960 3529 1006 3596 qui
1033 3539 1102 3576 nunu
1124 3521 1253 3578 Chaldaei
1273 3531 1416 3580 vocantur.

234 3601 347 3670 Quintus
374 3603 487 3678 denique
503 3606 600 3676 Aram,
626 3626 642 3664 a
662 3629 714 3684 qno
733 3611 872 3675 Aramaei,
899 3614 943 3681 qui
964 3609 1066 3664 Graece
1085 3607 1147 3678 Syri
1165 3617 1303 3666 vocantur.
1339 3610 1417 3667 Uude

233 3686 331 3760 Syriae
349 3705 453 3746 nomen.
490 3691 523 3748 iii
541 3694 717 3750 condiderunt
735 3694 953 3750 Trachonitidem
972 3700 999 3748 et
1018 3693 1174 3748 Damascum
1193 3694 1343 3750 habuerunt
1360 3710 1416 3762 pro

232 3777 311 3843 regni
335 3780 506 3848 metropoli.“
543 3779 675 3836 Eusebius
699 3783 726 3834 in
746 3779 878 3837 Chronico
895 3781 1000 3834 Armen.
1021 3797 1045 3849 p.
1071 3788 1129 3838 110.
1155 3779 1216 3846 „Et
1235 3782 1269 3835 ab
1285 3780 1417 3849 Arpaxad

231 3856 417 3927 Arpaxadaei‚
451 3864 496 3931 qui
521 3867 601 3918 etiam
626 3864 754 3918 Chaldaei
779 3865 953 3919 vocabantur.
989 3866 1029 3920 Ab
1050 3864 1148 3919 Aramo
1170 3871 1258 3919 autem
1275 3861 1415 3934 Aramaei,

232 3943 279 4012 qui
296 3941 358 4014 Syri
377 3961 483 4016 quoque
502 3948 738 4016 appellabantur.“

335 4046 368 4107 2)
392 4043 428 4100 Ur
448 4044 553 4100 Casdim
572 4048 600 4099 in
617 4044 817 4112 Mesopotamia
830 4049 1010 4117 quaerendum
1029 4065 1105 4116 esso,
1133 4053 1208 4119 patet
1228 4064 1260 4102 ex
1277 4051 1336 4105 Act.
1351 4049 1410 4115 Vll,

229 4133 265 4192 ²3
283 4141 371 4199 neque
385 4130 510 4200 displicet
522 4127 650 4184 Bocharti
669 4132 817 4195 sententia,
835 4133 926 4187 natale
944 4135 1030 4192 solnm
1047 4132 1174 4188 Abrahae
1191 4138 1335 4190 convenire
1353 4149 1413 4188 eum

230 4211 348 4266 eiusdem
367 4217 481 4269 nominis
501 4215 562 4266 ioco
582 4227 658 4282 quem
672 4213 826 4269 Ammianus
845 4218 916 4271 inter
934 4217 1048 4274 Nisibim
1069 4225 1096 4273 et
1113 4218 1217 4290 Tigrim
1236 4234 1337 4274 amnem
1355 4235 1410 4274 me·

229 4301 377 4352 morat-
410 4299 484 4354 inter
501 4298 641 4352 Armenios
660 4311 766 4370 qnoque
784 4317 882 4358 nomen
897 4303 978 4358 Aram
997 4305 1087 4360 multis
1106 4307 1172 4362 uiris
1191 4317 1327 4360 commune
1343 4302 1409 4367 iuit;

228 4378 261 4433 ct.
282 4378 413 4442 Tabulam
429 4382 577 4453 principum
596 4395 620 4436 ar
658 4381 756 4441 Mosen
773 4385 853 4443 Chor.
1369 4381 1372 4388 ¹
