2974 5012
222 309 265 374 ‘26

222 483 411 566 colligimus,
446 491 627 546 conamuoem·
663 481 695 540 et
722 482 898 542 consuetum
926 493 1092 542 sermonem
1123 479 1175 544 illa
1200 481 1230 544 iu
1260 480 1408 561 regione,

223 587 273 670 ubi
303 585 413 648 Graeci
439 585 496 645 vix
525 583 608 668 multi
638 581 803 661 vivebant,
842 583 920 644 iuter
949 582 1079 648 ludaeos
1111 587 1143 644 et
1167 583 1273 662 'Syrou
1302 583 1405 646 luisse

222 690 355 767 linguam
371 686 551 752 Aramaeum
571 681 716 748 nostram.
759 686 888 766 Reperti
910 689 980 746 sunt
1001 685 1104 750 ludaei
1126 687 1214 748 etiam
1237 687 1266 748 in
1288 685 1406 751 illeso-

221 792 367 874 potamia,
383 789 508 870 proprie
537 781 645 861 dictaa'
672 789 809 850 Edessae
838 771 1034 868 spuagegaru
1057 784 1270 868 habebant')‚
1302 788 1407 850 Nisibi

222 893 355 956 scholam
385 891 600 952 laudaverant.
648 890 762 974 Tauron
798 892 958 971 pauciores
983 893 1069 952 eraut
1091 892 1120 950 iu
1142 889 1188 952 his
1211 891 1406 972 regionibus,

223 995 273 1054 ubi
302 991 395 1072 Syri
425 993 518 1053 minua
541 995 627 1055 mixti
650 993 756 1054 alienis
779 995 942 1072 gentibus,
975 993 1098 1074 proprio
1121 994 1186 1054 iure
1210 994 1404 1056 fruebantur.

222 1095 403 1158 Florueruut
430 1097 511 1156 enim·
533 1113 646 1174 regna.
660 1096 845 1176 petisalmum
868 1096 1090 1157 lidesseuoruor
1113 1099 1145 1158 et
1165 1095 1406 1175 Adiabenorum,

222 1199 300 1258 inter
323 1217 400 1279 quos
422 1197 528 1275 lingua
550 1198 701 1260 Arunaaea
723 1216 749 1257 s
772 1197 903 1275 Syriaca
925 1199 990 1260 lere
1008 1199 1078 1260 sola
1103 1205 1135 1262 et
1158 1202 1317 1297 purissima
1343 1198 1404 1258 ob-

133 1312 138 1324 ‘
223 1302 321 1378 tinuit
363 1299 503 1362 lldeaaae
526 1297 643 1382 q'oidern
664 1300 796 1381 populus
819 1302 896 1362 satis
917 1301 1032 1362 mixtus
1050 1305 1133 1380 erat,
1158 1305 1251 1364 variis
1273 1321 1291 1364 c
1315 1317 1403 1378 geu-

222 1405 302 1466 tibus
317 1407 542 1484 congregatus,
565 1404 594 1464 ln
611 1405 738 1486 eiusque
738 1403 851 1464 terrae
869 1378 975 1462 linibus
988 1404 1208 1468 interiacebant
1221 1404 1402 1467 vinciuitnte

222 1507 406 1570 Graecorum
439 1501 569 1586 moltam
605 1507 634 1567 iu
666 1505 889 1568 Adiabenorum
929 1509 1027 1567 autem
1064 1508 1192 1584 regione
1223 1505 1401 1569 ludaeorum

113 1669 115 1674 ,
222 1609 344 1690 plurimi·
363 1588 560 1686 habitabanb;
588 1613 795 1669 verumtamen
821 1608 1002 1686 ¹praevaluit
1023 1625 1128 1670 nomen
1154 1613 1185 1670 et
1210 1608 1400 1672 cousuetudo

222 1713 382 1790 Syrorum.
425 1709 526 1793 Quare
551 1703 688 1771 uraeios
710 1710 873 1770 Selearciae
897 1711 1041 1789 nraxhue,
1072 1705 1202 1772 ludaeos
1232 1713 1262 1772 in
1285 1710 1398 1773 vicinia

223 1815 286 1876 bah
288 1813 407 1892 ylonis,
438 1812 541 1890 Syros
578 1816 677 1872 autem
713 1813 742 1871 iu
779 1813 1010 1891 septentrionali
1039 1813 1282 1894 Mesopotamiae
1310 1817 1400 1894 parte

223 1915 400 1980 consedisse
430 1917 515 1976 recte
544 1914 714 1978 statuimus
759 1914 816 1974 list
846 1917 951 1974 autem
973 1915 1129 1976 discrimen
1161 1919 1237 1978 inter
1262 1915 1403 1978 Graecus

223 2024 255 2082 et
268 2018 397 2080 ludaeos
421 1993 593 2096 notandum,
628 2015 747 2113 Graeci
768 2016 878 2078 nnllam
902 2019 967 2079 iere
991 2035 1090 2078 euram
1115 2022 1280 2095 gesseruut
1295 2018 1407 2096 Syro.

222 2141 284 2186 rum
315 2123 347 2186 et
371 2120 521 2199 Syriacae
552 2089 694 2195 liugnam
730 2119 787 2178 sibi
815 2119 906 2180 solis·
901 2117 1036 2200 suisque
1064 2119 1189 2199 legibus
1214 2125 1245 2182 et
1268 2119 1402 2180 moribus

221 2224 439 2302 indulgebant,
463 2237 521 2280 nou
544 2221 606 2281 tani
626 2221 735 2282 imitari
757 2222 835 2283 alios
857 2223 958 2302 soliti,
981 2244 1067 2305 qoam
1084 2225 1225 2306 exeorplo
1242 2240 1313 2284 esse
1332 2240 1403 2282 oru-

179 2349 180 2356 ¹
221 2329 308 2390 nibus
331 2327 363 2386 et
384 2323 583 2384 admirationi.
626 2321 732 2403 ltaque
754 2328 915 2386 contemtui
936 2326 1089 2389 habebant
1105 2327 1285 2390 Antiocheui
1298 2325 1404 2386 lides-

225 2447 317 2494 seuos
347 2430 491 2507 tanquam
515 2425 626 2486 mino·
633 2424 781 2487 barbaros
812 2431 843 2488 et
871 2429 1034 2492 Seleuciae
1065 2431 1191 2512 aliisque
1219 2431 1249 2490 in
1280 2429 1404 2509 oppidis

221 2533 262 2595 uil
281 2532 347 2592 iere
372 2529 500 2592 Graecis
526 2545 679 2590 commuue
704 2531 772 2589 orat
795 2547 860 2590 eum
883 2531 993 2610 Syris,
1014 2534 1063 2613 qui
1086 2534 1115 2593 in
1138 2531 1288 2598 suburbiis
1309 2530 1405 2590 habi-
1471 2539 1472 2562 *

222 2635 338 2698 tabant.
382 2633 427 2692 llo
458 2632 558 2708 magis
579 2632 651 2709 Syri
678 2629 861 2692 Graecorum
886 2652 985 2694 mores
1007 2635 1187 2714 litterasque
1208 2634 1346 2713 recipere
1369 2635 1405 2694 et
1471 2667 1472 2678 ι

223 2754 372 2804 exercere
398 2736 621 2796 consueverant
650 2733 780 2792 mraxime
811 2735 848 2794 iis
874 2735 903 2793 in
933 2735 1029 2815 locis,
1057 2737 1107 2798 ubi
1133 2755 1185 2798 res
1215 2735 1402 2800 Graecorum

221 2843 364 2905 florerent
392 2837 669 2920 moltumqueenm
698 2834 759 2895 illis
787 2837 991 2897 commercium
1023 2833 1165 2921 esset²).
1211 2838 1274 2900 Sed
1296 2837 1405 2898 ludaei
1471 2847 1472 2854 ’

221 2945 400 3008 Aramaeam
426 2939 559 3018 linguam
585 2927 675 3018 plane
705 2957 789 2999 suam
817 2939 970 3020 fecerant,
996 2941 1069 3004 licet
1092 2942 1247 3004 doctorum
1267 2938 1404 3002 nonnulli

221 3044 399 3128 plebeculae
439 3043 552 3103 tantum
588 3059 652 3101 eam
689 3059 760 3102 esse
779 3043 1027 3118 committendam
1058 3043 1210 3104 duxerint.
1260 3041 1405 3106 Uteban-

223 3153 272 3212 tur
309 3145 408 3221 vulgo
444 3161 546 3203 omlnes
582 3141 689 3219 lingua
727 3141 901 3224 brenniaco,
936 3165 994 3228 qua
1029 3148 1120 3208 otiam
1157 3146 1187 3205 in
1222 3144 1406 3223 synagogis

222 3252 339 3326 Legem
358 3249 403 3310 ,et
429 3242 602 3323 Prophetas
627 3244 912 3323 interpretabantur.
960 3249 1059 3328 Quare
1097 3247 1229 3322 linguam
1262 3243 1289 3300 si
1318 3261 1406 3320 spe-

223 3355 307 3431 ctas,
337 3327 495 3412 cesserant
524 3349 557 3407 et
586 3345 817 3424 applicaverant
848 3366 883 3409 se
915 3347 1017 3409 ludaei
1044 3347 1134 3425 Syris
1166 3343 1338 3422 indigenis3
1367 3350 1406 3409 nt

223 3473 299 3518 vero
327 3450 511 3528 religionem
540 3463 698 3532 moresque
730 3449 811 3531 quod
841 3451 950 3512 attinet
978 3449 1036 3530 ipsi
1064 3466 1136 3508 suas
1159 3443 1198 3508 ad
1221 3463 1273 3510 nes
1291 3448 1404 3510 traus-

229 3605 432 3621 -Μ-

224 3697 286 3752 nilis
299 3694 438 3756 videatur,
458 3705 537 3762 quum
556 3691 583 3742 in
598 3687 793 3756 Pentateucho,
814 3688 956 3760 Prophetis
975 3695 1002 3744 et
1019 3685 1309 3764 hagiographislleus
1329 3685 1406 3740 illiua

223 3783 380 3852 dignitatem
398 3777 563 3852 agnoscat.“

328 3879 358 3946 1)
376 3873 494 3928 liabnlas
518 3871 636 3927 Edessae
660 3879 801 3944 episcopus
825 3887 851 3926 a.
874 3877 935 3930 4122
955 3875 1106 3930 aedificavit
1122 3872 1245 3940 templum
1264 3866 1406 3938 Stephani,

223 3963 294 4034 quod
320 3965 399 4014 antea
429 3959 521 4012 domus
546 3957 658 4014 Sabbati
682 3963 700 4016 i.
728 3976 751 4013 e.
776 3973 918 4028 synagoga
941 3959 1099 4012 ludaeorum
1126 3955 1221 4008 lueret.
1263 3952 1366 4008 Assem.
1393 3953 1405 4006 l

207 4069 248 4120 sp.
279 4054 337 4105 197.
372 4043 503 4114 Ephrbem
528 4046 634 4100 multum
661 4062 718 4098 eum
744 4045 849 4098 ludaeis
870 4043 1024 4110 disputavit,
1057 4039 1186 4093 Edesseni
1204 4037 1317 4092 ludaeos
1336 4041 1405 4094 mul-

223 4131 452 4194 nosocomorum,
484 4145 562 4198 quum
581 4129 761 4193 audi-umero,
786 4129 917 4184 luliauuur
944 4125 1055 4180 Carrhis
1080 4121 1248 4176 sacriticasse
1272 4123 1353 4178 idolis
1380 4129 1407 4177 et

224 4218 338 4272 ludaeos
357 4213 503 4268 honorilice
522 4217 667 4283 excepisse.

328 4315 358 4382 2)
378 4311 470 4367 Gentis
490 4313 651 4366 dominantis
672 4310 823 4363 dominatur
841 4310 948 4377 lingua,
969 4304 1111 4362 secundum
1130 4307 1209 4362 illud:
1228 4319 1304 4378 quem
1322 4319 1406 4374 peaes

225 4402 365 4456 arbitrium
385 4405 425 4470 eat
444 4404 470 4452 et
488 4400 528 4451 ins
547 4404 574 4452 et
591 4409 685 4486 norma
704 4393 840 4465 loquendi.
