3014 5008
211 295 255 362 84

213 468 430 550 παιδευτῆριον
460 464 590 530 instituit
617 479 839 547 puerorumque
862 462 1012 542 magister
1034 462 1134 526 iaetus
1157 461 1208 522 est
1227 457 1406 545 (Thestor.

214 572 244 634 tr.
276 572 351 636 eool.
379 567 435 631 IV.
469 587 496 631 o.
521 564 600 650 18.).
643 568 745 654 Quare
769 567 833 628 iuro
850 570 962 628 ,nostro
982 567 1120 630 statuere
1141 563 1229 652 notris
1254 564 1405 644 vitemur,

215 675 272 740 troo
300 677 330 736 in
356 671 430 734 urhe
457 668 598 734 teottttme
628 672 770 750 repertos
802 686 892 749 esse,
930 669 981 750 qur
1003 668 1170 731 Bittiorum
1188 668 1218 728 tu
1240 666 1406 746 Syrinoum

216 793 383 841 sermonem
403 773 587 875 interpretes
609 772 785 834 exstiterint
807 773 965 854 utriusque
983 770 1114 849 linguae
1126 770 1265 834 Grreoee
1288 772 1321 830 et
1334 768 1406 848 Sy-

216 880 318 940 rtrooe
340 871 436 958 pr'otre
457 865 591 954 guart
602 873 687 936 Haeo
710 877 809 937 tomen
833 892 893 936 non
913 892 979 936 enm
1004 873 1043 936 out
1066 873 1153 934 tinem
1178 871 1405 950 congessimus,

217 983 273 1041 ut
271 977 326 1040 his
355 977 438 1040 duutt
460 978 647 1055 argumentis
669 975 808 1040 Edessae
830 977 887 1040 tum
909 953 1146 1040 vtodioa'remus
1154 976 1301 1055 originem
1324 990 1405 1034 ver-

218 1083 313 1145 sionis
338 1081 499 1161 Syriroeo.
543 1077 643 1157 Sene,
664 1075 742 1140 tinec
765 1079 803 1139 de
818 1079 937 1142 nuessa
961 1078 1035 1140 urbe
1057 1079 1170 1142 trudito
1190 1078 1218 1138 si
1239 1076 1307 1158 quis
1325 1093 1406 1156 per

167 1262 170 1270 ι
219 1183 377 1266 penderit,
415 1181 513 1244 inette
540 1180 694 1242 traditioni
723 1180 871 1260 Syrorum
911 1179 1056 1259 ueoedet,
1091 1177 1229 1264 iidessee
1258 1179 1405 1258 seriptum

219 1303 290 1348 esse
309 1285 480 1346 versionem
504 1281 677 1363 Simptieem
695 1275 735 1363 ¹).
777 1281 823 1350 At
843 1299 920 1344 vero
940 1279 1017 1344 troeo
1040 1282 1109 1361 ipso
1129 1280 1251 1343 traditio
1273 1281 1312 1342 rte
1334 1277 1405 1350 An,-

120 1467 124 1474 .
219 1403 297 1469 gero
319 1405 397 1465 rege
422 1388 455 1449 et
477 1384 551 1456 orbo
573 1382 693 1444 munseo
716 1380 756 1443 ott
771 1383 865 1476 ⁴tidem
891 1381 1091 1448 Christianum
1115 1400 1196 1445 nevo
1217 1381 1403 1464 Apostotioo

220 1509 372 1556 converse
399 1488 569 1552 eoonrotius
592 1485 791 1547 examinando
815 1489 874 1548 est.
918 1485 952 1548 lut
977 1486 1111 1548 eviotsse
1135 1485 1275 1566 exempto
1298 1481 1404 1548 Edesss

219 1613 273 1658 ree
302 1591 414 1654 suffieit
443 1589 558 1665 nobis:
584 1584 666 1668 quod
696 1586 783 1648 iuter
804 1587 905 1667 Syros
932 1605 992 1648 nou
1022 1587 1118 1649 sotum
1148 1586 1267 1650 Groeou
1294 1587 1404 1665 tingue

219 1694 297 1756 sotis
318 1693 389 1754 trita
410 1693 443 1752 et
465 1689 621 1770 plurimum
646 1688 784 1750 exereito
808 1689 881 1770 tuit,
904 1690 982 1751 unde
1003 1689 1093 1752 iooite
1110 1689 1262 1772 vocobutr
1281 1688 1403 1752 Gro'eoa

218 1796 260 1856 tn*
278 1792 438 1872 Syrianam
462 1792 589 1870 reoepto
618 1791 705 1867 suut,
742 1791 798 1851 sert
826 1792 917 1854 etiem
947 1775 1028 1874 quot
1061 1791 1118 1852 tem
1137 1792 1219 1854 soliti
1241 1793 1326 1852 eruut
1345 1790 1403 1852 itto

220 1900 358 1976 tempore
381 1893 474 1973 Syri,
505 1893 536 1954 tn
564 1889 711 1956 Graecum
745 1891 879 1970 tinguem
908 1895 1074 1958 transferre
1095 1894 1228 1974 Syriaco
1248 1896 1282 1956 et
1300 1894 1404 1972 magis

220 1999 310 2060 etiem
339 2013 418 2078 quae
445 1993 563 2056 Graece
592 1994 708 2074 scripto
738 1997 839 2076 erent,
870 2013 991 2056 suorum
1018 1996 1048 2056 tu
1071 2015 1156 2056 usum
1181 1999 1214 2058 et
1233 2013 1403 2057 sermonem

219 2103 388 2163 vertere.
397 2095 555 2158 unomen
555 2094 817 2177 observandum
847 2095 903 2159 turs
925 2096 1120 2176 Syrioorruio
1140 2098 1310 2176 linguarum
1332 2098 1403 2177 pri—

219 2204 319 2264 mitius
340 2200 521 2279 prouenisse
545 2215 587 2258 ex
609 2199 699 2258 ooeto
722 2181 978 2279 Christianorum,
1008 2217 1100 2281 quare
1122 2199 1160 2260 de
1180 2200 1277 2279 primu
1299 2216 1402 2260 evon-

220 2303 297 2381 gettt
322 2299 550 2380 proetiouttoire
578 2297 707 2358 menime
737 2317 815 2379 opus
844 2303 894 2366 est
921 2305 955 2362 nt
979 2302 1127 2364 certiores
1149 2299 1262 2362 fiemus.
1305 2300 1403 2384 Quom

192 2393 194 2398 ’
220 2403 259 2467 ud
280 2421 342 2466 rem
337 2389 485 2464 iettotus
509 2397 756 2480 expedientem
739 2418 776 2460 ro
796 2403 927 2481 exoumu
943 2400 1011 2465 huto
1031 2400 1108 2470 tihro
1131 2421 1251 2466 annexu
1271 2403 1308 2464 rte
1328 2403 1402 2466 tite-

219 2503 408 2586 sopotemiee
431 2500 556 2566 historie
579 2501 681 2582 primis
705 2520 736 2582 p.
761 2501 834 2566 Chr.
855 2503 988 2566 sneoutis
1009 2507 1136 2568 seorsim
1160 2521 1298 2584 egemus·

715 2670 921 2684 ..Ι-Δ...-

735 2824 826 2890 Cur:
848 2822 885 2889 V.

242 2975 348 3054 Quid
379 2993 425 3040 ex
455 2970 670 3040 versionis
700 2971 832 3058 ipsius
862 2969 1000 3036 indole
1026 2971 1182 3040 deeius
1207 2973 1373 3058 origine

556 3097 590 3166 ’,
654 3089 804 3154 ooniici
825 3090 968 3222 possit

283 3252 291 3266 ·
317 3237 430 3324 Versio
459 3225 588 3318 Syriaco
619 3239 759 3322 Simplex
788 3259 848 3304 uon
876 3212 978 3304 omnes
1010 3243 1048 3304 N.
1076 3243 1116 3306 Τ.
1138 3245 1234 3308 libros
1254 3245 1398 3321 exhibet3

216 3339 426 3403 desiderantur
450 3341 526 3401 enim
551 3341 681 3421 epistota
702 3341 787 3404 Petri
805 3341 863 3420 ri,
893 3342 1077 3407 lonuotstt.
1103 3349 1135 3408 et
1163 3345 1233 3428 lits,
1264 3347 1399 3429 epistota

213 3441 308 3505 Iudae
345 3444 378 3503 et
402 3441 614 3524 Apoealypsis
650 3443 780 3504 torturis.
831 3443 913 3507 Ordo
947 3452 1046 3510 eutem
1078 3447 1220 3510 librorum
1249 3449 1297 3514 tute
1330 3454 1397 3512 est:

209 3541 245 3626 t)
266 3544 418 3625 Quattuor
440 3543 650 3624 Evangelio,
659 3540 706 3625 ΙΙ)
732 3542 811 3607 Aote
834 3545 1072 3644 Apostolorum,
1102 3555 1134 3612 et
1155 3552 1307 3637 epistotae
1330 3555 1397 3614 tres

215 3643 399 3726 catholicoe,
429 3645 549 3725 Incolit,
579 3645 664 3707 Petri
689 3647 721 3708 et
738 3643 921 3732 torinois²),
945 3635 1005 3734 nrt
1026 3652 1113 3714 Ponti
1133 3653 1282 3732 epistotae
1300 3656 1396 3733 quot·

213 3748 392 3810 tuorrteetm.
413 3735 528 3832 'Quem
558 3745 696 3809 ordinem
713 3754 841 3813 serrant
862 3750 985 3813 eortie'es
1010 3754 1125 3838 notiqui
1146 3754 1341 3834 manuscripti
1364 3756 1397 3816 et

213 3852 475 3916 commentatores,
493 3866 597 3914 omnes
625 3853 758 3932 excepto
787 3849 899 3915 Iacobo
923 3853 1100 3937 Messene,
1135 3855 1311 3934 Evangelio
1332 3875 1396 3938 po-

215 3993 421 4010 m

266 4080 269 4090 '
314 4079 345 4149 t)
365 4080 433 4154 Huto
456 4086 577 4153 opinioni
599 4087 672 4144 taret
688 4085 829 4150 tiroaldus,
853 4053 931 4140 intuo
949 4101 1019 4142 seeo.
1037 4051 1189 4144 rrlraeiam
1207 4106 1268 4146 esse
1286 4094 1395 4146 rersto-

206 4177 266 4218 nem
283 4167 429 4236 simplioem
446 4166 580 4236 Edessae„
593 4170 736 4257 comment.
754 4187 778 4225 z.
796 4169 907 4238 Apooul.
925 4188 950 4240 p.
969 4175 1013 4232 60.
1039 4171 1115 4229 Adde
1134 4174 1154 4229 t.
1172 4174 1205 4231 D.
1222 4173 1394 4230 Micheetem.

308 4264 343 4332 2)
357 4263 652 4325 Ehediosus·Sobensts
677 4273 706 4324 tn
727 4267 868 4338 catologo:
895 4267 982 4340 „Epp
1003 4275 1179 4343 oonstgnotae
1197 4272 1232 4329 ob
1250 4272 1392 4344 Apostotts

204 4347 276 4400 omni
296 4345 451 4408 ohoreotere
470 4359 496 4409 et
510 4353 748 4426 liupo-ideoque
765 4347 914 4408 eutholiou'e
931 4357 1128 4426 nunonpotue.“
