<?xml version="1.0" encoding="UTF-8"?>
<!DOCTYPE html PUBLIC "-//W3C//DTD XHTML 1.0 Transitional//EN"
    "http://www.w3.org/TR/xhtml1/DTD/xhtml1-transitional.dtd">
<html xmlns="http://www.w3.org/1999/xhtml" xml:lang="en" lang="en">
 <head>
  <title>
</title>
<meta http-equiv="Content-Type" content="text/html;charset=utf-8" />
  <meta name='ocr-system' content='tesseract 3.04.00' />
  <meta name='ocr-capabilities' content='ocr_page ocr_carea ocr_par ocr_line ocrx_word'/>
</head>
<body>
  <div class='ocr_page' id='page_1' title='image "./denovitestament00wichgoog_0080.png"; bbox 0 0 2974 5012; ppageno 0'>
   <div class='ocr_carea' id='block_1_1' title="bbox 1229 281 1353 373">
    <p class='ocr_par' dir='ltr' id='par_1_1' title="bbox 1229 281 1353 373">
     <span class='ocr_line' id='line_1_1' title="bbox 1229 281 1353 373; baseline 0.089 -11"><span class='ocrx_word' id='word_1_1' title='bbox 1229 281 1276 362; x_wconf 76' lang='lat'><strong>65</strong></span> <span class='ocrx_word' id='word_1_2' title='bbox 1349 357 1353 373; x_wconf 86' lang='lat'><em>.</em></span> 
     </span>
    </p>
   </div>
   <div class='ocr_carea' id='block_1_2' title="bbox 5 447 1273 2780">
    <p class='ocr_par' dir='ltr' id='par_1_2' title="bbox 5 447 1273 2780">
     <span class='ocr_line' id='line_1_2' title="bbox 85 447 1272 536; baseline 0.004 -22"><span class='ocrx_word' id='word_1_3' title='bbox 85 447 437 532; x_wconf 60' lang='lat' dir='ltr'><strong>secundanorum.</strong></span> <span class='ocrx_word' id='word_1_4' title='bbox 483 447 799 531; x_wconf 80' lang='lat' dir='ltr'><strong>Aliiqnidemaiiud</strong></span> <span class='ocrx_word' id='word_1_5' title='bbox 829 449 1017 532; x_wconf 84' lang='lat' dir='ltr'><strong>statuerunt,</strong></span> <span class='ocrx_word' id='word_1_6' title='bbox 1045 447 1187 536; x_wconf 74' lang='lat' dir='ltr'><strong>exempla</strong></span> <span class='ocrx_word' id='word_1_7' title='bbox 1214 471 1272 518; x_wconf 85' lang='lat' dir='ltr'><strong>an-</strong></span> 
     </span>
     <span class='ocr_line' id='line_1_3' title="bbox 81 550 1271 638; baseline 0.002 -22"><span class='ocrx_word' id='word_1_8' title='bbox 81 560 144 616; x_wconf 88' lang='lat' dir='ltr'><strong>tem</strong></span> <span class='ocrx_word' id='word_1_9' title='bbox 174 555 242 634; x_wconf 83' lang='lat' dir='ltr'><strong>ipsa</strong></span> <span class='ocrx_word' id='word_1_10' title='bbox 270 555 445 616; x_wconf 82' lang='lat' dir='ltr'><strong>examinata</strong></span> <span class='ocrx_word' id='word_1_11' title='bbox 474 550 726 614; x_wconf 82' lang='lat' dir='ltr'><strong>bortantor&#39;meo</strong></span> <span class='ocrx_word' id='word_1_12' title='bbox 745 551 864 632; x_wconf 84' lang='lat' dir='ltr'><strong>quidem</strong></span> <span class='ocrx_word' id='word_1_13' title='bbox 885 552 1013 634; x_wconf 85' lang='lat' dir='ltr'><strong>iudicia,</strong></span> <span class='ocrx_word' id='word_1_14' title='bbox 1040 554 1271 638; x_wconf 79' lang='lat' dir='ltr'><strong>ut&#39;Simplicem</strong></span> 
     </span>
     <span class='ocr_line' id='line_1_4' title="bbox 73 651 1272 735; baseline 0.006 -18"><span class='ocrx_word' id='word_1_15' title='bbox 73 660 214 719; x_wconf 90' lang='lat' dir='ltr'><strong>nostram</strong></span> <span class='ocrx_word' id='word_1_16' title='bbox 242 657 360 717; x_wconf 91' lang='lat' dir='ltr'><strong>nomine</strong></span> <span class='ocrx_word' id='word_1_17' title='bbox 388 654 465 735; x_wconf 87' lang='lat' dir='ltr'><strong>Syri</strong></span> <span class='ocrx_word' id='word_1_18' title='bbox 492 651 873 735; x_wconf 73' lang='lat' dir='ltr'><strong>significatam&#39;pntemns.</strong></span> <span class='ocrx_word' id='word_1_19' title='bbox 923 652 989 732; x_wconf 82' lang='grc' dir='ltr'>(οι.</span> <span class='ocrx_word' id='word_1_20' title='bbox 1019 654 1107 728; x_wconf 71' lang='lat' dir='ltr'><strong>laetu</strong></span> <span class='ocrx_word' id='word_1_21' title='bbox 1127 659 1272 724; x_wconf 51' lang='lat' dir='ltr'><strong>Psalmo&amp;</strong></span> 
     </span>
     <span class='ocr_line' id='line_1_5' title="bbox 6 744 1273 845; baseline 0.006 -26"><span class='ocrx_word' id='word_1_22' title='bbox 6 791 7 798; x_wconf 29' lang='grc' dir='ltr'>ι</span> <span class='ocrx_word' id='word_1_23' title='bbox 80 773 162 837; x_wconf 82' lang='lat' dir='ltr'><strong>runo,</strong></span> <span class='ocrx_word' id='word_1_24' title='bbox 203 759 233 820; x_wconf 91' lang='lat' dir='ltr'><strong>in</strong></span> <span class='ocrx_word' id='word_1_25' title='bbox 260 758 415 822; x_wconf 83' lang='lat' dir='ltr'><strong>Psalterio</strong></span> <span class='ocrx_word' id='word_1_26' title='bbox 445 755 780 837; x_wconf 69' lang='lat' dir='ltr'><strong>Syriaco-linquentem</strong></span> <span class='ocrx_word' id='word_1_27' title='bbox 819 775 838 818; x_wconf 88' lang='lat' dir='ltr'><strong>a</strong></span> <span class='ocrx_word' id='word_1_28' title='bbox 871 755 983 820; x_wconf 82' lang='lat' dir='ltr'><strong>lialblo</strong></span> <span class='ocrx_word' id='word_1_29' title='bbox 1022 757 1140 820; x_wconf 72' lang='lat' dir='ltr'><strong>ameum</strong></span> <span class='ocrx_word' id='word_1_30' title='bbox 1175 744 1273 845; x_wconf 78' lang='lat' dir='ltr'><strong>elim,</strong></span> 
     </span>
     <span class='ocr_line' id='line_1_6' title="bbox 80 856 1273 943; baseline 0.005 -21"><span class='ocrx_word' id='word_1_31' title='bbox 80 863 179 943; x_wconf 86' lang='lat' dir='ltr'><strong>praei.</strong></span> <span class='ocrx_word' id='word_1_32' title='bbox 207 879 283 942; x_wconf 79' lang='lat' dir='ltr'><strong>pag.</strong></span> <span class='ocrx_word' id='word_1_33' title='bbox 302 859 387 922; x_wconf 79' lang='lat' dir='ltr'><strong>XV.</strong></span> <span class='ocrx_word' id='word_1_34' title='bbox 413 856 481 943; x_wconf 82' lang='lat' dir='ltr'><strong>sq.)</strong></span> <span class='ocrx_word' id='word_1_35' title='bbox 516 859 643 938; x_wconf 81' lang='lat' dir='ltr'><strong>Graeci,</strong></span> <span class='ocrx_word' id='word_1_36' title='bbox 683 857 722 920; x_wconf 87' lang='lat' dir='ltr'><strong>V.</strong></span> <span class='ocrx_word' id='word_1_37' title='bbox 753 859 797 920; x_wconf 83' lang='grc' dir='ltr'><strong>Τ.</strong></span> <span class='ocrx_word' id='word_1_38' title='bbox 823 861 929 921; x_wconf 85' lang='lat' dir='ltr'><strong>textus</strong></span> <span class='ocrx_word' id='word_1_39' title='bbox 946 859 1116 938; x_wconf 77' lang='lat' dir='ltr'><strong>originalis</strong></span> <span class='ocrx_word' id='word_1_40' title='bbox 1144 863 1273 928; x_wconf 82' lang='lat' dir='ltr'><strong>scientia</strong></span> 
     </span>
     <span class='ocr_line' id='line_1_7' title="bbox 6 959 1272 1048; baseline 0.004 -23"><span class='ocrx_word' id='word_1_41' title='bbox 6 1021 10 1034; x_wconf 86' lang='lat'>‚</span> <span class='ocrx_word' id='word_1_42' title='bbox 81 965 241 1044; x_wconf 85' lang='lat' dir='ltr'><strong>destituti,</strong></span> <span class='ocrx_word' id='word_1_43' title='bbox 278 962 455 1042; x_wconf 75' lang='lat' dir='ltr'><strong>colligendo</strong></span> <span class='ocrx_word' id='word_1_44' title='bbox 487 963 650 1031; x_wconf 81' lang='lat' dir='ltr'><strong>versiones</strong></span> <span class='ocrx_word' id='word_1_45' title='bbox 682 971 770 1043; x_wconf 88' lang='lat' dir='ltr'><strong>quam</strong></span> <span class='ocrx_word' id='word_1_46' title='bbox 801 959 945 1040; x_wconf 78' lang='lat' dir='ltr'><strong>plubimas</strong></span> <span class='ocrx_word' id='word_1_47' title='bbox 974 961 1131 1028; x_wconf 72' lang='lat' dir='ltr'><strong>docminae</strong></span> <span class='ocrx_word' id='word_1_48' title='bbox 1156 967 1272 1048; x_wconf 70' lang='lat' dir='ltr'><strong>copiam</strong></span> 
     </span>
     <span class='ocr_line' id='line_1_8' title="bbox 83 1061 1272 1148; baseline 0.003 -20"><span class='ocrx_word' id='word_1_49' title='bbox 83 1066 226 1128; x_wconf 88' lang='lat' dir='ltr'><strong>simulare</strong></span> <span class='ocrx_word' id='word_1_50' title='bbox 246 1065 429 1146; x_wconf 85' lang='lat' dir='ltr'><strong>maluerunt,</strong></span> <span class='ocrx_word' id='word_1_51' title='bbox 462 1083 550 1148; x_wconf 84' lang='lat' dir='ltr'><strong>quan</strong></span> <span class='ocrx_word' id='word_1_52' title='bbox 573 1063 746 1126; x_wconf 87' lang='lat' dir='ltr'><strong>Hebraicae</strong></span> <span class='ocrx_word' id='word_1_53' title='bbox 769 1061 895 1141; x_wconf 60' lang='lat' dir='ltr'><strong>linquae</strong></span> <span class='ocrx_word' id='word_1_54' title='bbox 924 1069 1096 1130; x_wconf 82' lang='lat' dir='ltr'><strong>accuratam</strong></span> <span class='ocrx_word' id='word_1_55' title='bbox 1126 1068 1185 1130; x_wconf 85' lang='lat' dir='ltr'><strong>sibi</strong></span> <span class='ocrx_word' id='word_1_56' title='bbox 1215 1069 1272 1131; x_wconf 83' lang='lat' dir='ltr'><strong>eo-</strong></span> 
     </span>
     <span class='ocr_line' id='line_1_9' title="bbox 83 1165 1272 1258; baseline 0.003 -29"><span class='ocrx_word' id='word_1_57' title='bbox 83 1170 253 1247; x_wconf 82' lang='lat' dir='ltr'><strong>gnitionem</strong></span> <span class='ocrx_word' id='word_1_58' title='bbox 267 1169 435 1251; x_wconf 78' lang='lat' dir='ltr'><strong>acquirere.</strong></span> <span class='ocrx_word' id='word_1_59' title='bbox 479 1166 582 1248; x_wconf 79' lang='lat' dir='ltr'><strong>ipsius</strong></span> <span class='ocrx_word' id='word_1_60' title='bbox 598 1165 777 1245; x_wconf 77' lang='lat' dir='ltr'><strong>Hieronymi</strong></span> <span class='ocrx_word' id='word_1_61' title='bbox 787 1166 958 1230; x_wconf 77' lang='lat' dir='ltr'>versionem</span> <span class='ocrx_word' id='word_1_62' title='bbox 972 1168 1109 1258; x_wconf 74' lang='lat' dir='ltr'><strong>Latinqm</strong></span> <span class='ocrx_word' id='word_1_63' title='bbox 1127 1168 1160 1242; x_wconf 86' lang='lat' dir='ltr'><strong>iq</strong></span> <span class='ocrx_word' id='word_1_64' title='bbox 1171 1165 1272 1232; x_wconf 79' lang='lat' dir='ltr'><strong>Grae-</strong></span> 
     </span>
     <span class='ocr_line' id='line_1_10' title="bbox 6 1267 1271 1356; baseline 0.001 -23"><span class='ocrx_word' id='word_1_65' title='bbox 6 1331 7 1340; x_wconf 71' lang='grc'>,</span> <span class='ocrx_word' id='word_1_66' title='bbox 81 1287 148 1333; x_wconf 88' lang='lat' dir='ltr'><strong>cunr</strong></span> <span class='ocrx_word' id='word_1_67' title='bbox 171 1271 348 1334; x_wconf 77' lang='lat' dir='ltr'><strong>translatam</strong></span> <span class='ocrx_word' id='word_1_68' title='bbox 372 1271 469 1335; x_wconf 85' lang='lat' dir='ltr'><strong>luisse</strong></span> <span class='ocrx_word' id='word_1_69' title='bbox 490 1269 623 1332; x_wconf 82' lang='lat' dir='ltr'><strong>constal·</strong></span> <span class='ocrx_word' id='word_1_70' title='bbox 664 1267 732 1342; x_wconf 51' lang='lat' dir='ltr'><strong>¹Sed</strong></span> <span class='ocrx_word' id='word_1_71' title='bbox 753 1268 1106 1350; x_wconf 84' lang='lat' dir='ltr'><strong>mirerirHieronymum</strong></span> <span class='ocrx_word' id='word_1_72' title='bbox 1127 1269 1169 1356; x_wconf 76' lang='lat' dir='ltr'><strong>de</strong></span> <span class='ocrx_word' id='word_1_73' title='bbox 1184 1289 1271 1334; x_wconf 75' lang='lat' dir='ltr'><strong>¹ver-</strong></span> 
     </span>
     <span class='ocr_line' id='line_1_11' title="bbox 5 1371 1272 1454; baseline 0.003 -22"><span class='ocrx_word' id='word_1_74' title='bbox 5 1445 6 1454; x_wconf 12' lang='grc' dir='ltr'><strong>Ὶ</strong></span> <span class='ocrx_word' id='word_1_75' title='bbox 80 1374 165 1436; x_wconf 90' lang='lat' dir='ltr'><strong>sione</strong></span> <span class='ocrx_word' id='word_1_76' title='bbox 197 1374 332 1453; x_wconf 86' lang='lat' dir='ltr'><strong>Syriaca</strong></span> <span class='ocrx_word' id='word_1_77' title='bbox 360 1377 483 1451; x_wconf 82' lang='lat' dir='ltr'><strong>tacere,</strong></span> <span class='ocrx_word' id='word_1_78' title='bbox 520 1371 736 1449; x_wconf 77' lang='lat' dir='ltr'><strong>Hieronymum</strong></span> <span class='ocrx_word' id='word_1_79' title='bbox 763 1371 899 1452; x_wconf 86' lang='lat' dir='ltr'><strong>inquam,</strong></span> <span class='ocrx_word' id='word_1_80' title='bbox 940 1371 1272 1454; x_wconf 82' lang='lat' dir='ltr'><strong>qni-undiqueomnia</strong></span> 
     </span>
     <span class='ocr_line' id='line_1_12' title="bbox 80 1472 1269 1562; baseline -0.001 -25"><span class='ocrx_word' id='word_1_81' title='bbox 80 1476 233 1555; x_wconf 79' lang='lat' dir='ltr'>collegit,</span> <span class='ocrx_word' id='word_1_82' title='bbox 264 1492 344 1555; x_wconf 87' lang='lat' dir='ltr'><strong>quae</strong></span> <span class='ocrx_word' id='word_1_83' title='bbox 367 1474 406 1536; x_wconf 89' lang='lat' dir='ltr'><strong>ad</strong></span> <span class='ocrx_word' id='word_1_84' title='bbox 428 1473 706 1562; x_wconf 81' lang='lat' dir='ltr'><strong>interpretationem</strong></span> <span class='ocrx_word' id='word_1_85' title='bbox 721 1472 870 1540; x_wconf 74' lang='lat' dir='ltr'><strong>:librorum</strong></span> <span class='ocrx_word' id='word_1_86' title='bbox 891 1489 1047 1538; x_wconf 68' lang='lat' dir='ltr'><strong>marorum</strong></span> <span class='ocrx_word' id='word_1_87' title='bbox 1068 1474 1269 1555; x_wconf 71' lang='lat' dir='ltr'><strong>pertinerent,</strong></span> 
     </span>
     <span class='ocr_line' id='line_1_13' title="bbox 80 1574 1269 1659; baseline 0.002 -21"><span class='ocrx_word' id='word_1_88' title='bbox 80 1579 134 1658; x_wconf 93' lang='lat' dir='ltr'><strong>qui</strong></span> <span class='ocrx_word' id='word_1_89' title='bbox 153 1574 504 1659; x_wconf 72' lang='lat' dir='ltr'><strong>nostrorumsebcias</strong></span> <span class='ocrx_word' id='word_1_90' title='bbox 522 1577 697 1642; x_wconf 82' lang='lat' dir='ltr'><strong>nocturnas·</strong></span> <span class='ocrx_word' id='word_1_91' title='bbox 709 1591 793 1636; x_wconf 87' lang='lat' dir='ltr'><strong>suum</strong></span> <span class='ocrx_word' id='word_1_92' title='bbox 811 1575 844 1636; x_wconf 90' lang='lat' dir='ltr'><strong>in</strong></span> <span class='ocrx_word' id='word_1_93' title='bbox 866 1593 952 1636; x_wconf 82' lang='lat' dir='ltr'><strong>nsum</strong></span> <span class='ocrx_word' id='word_1_94' title='bbox 974 1577 1087 1656; x_wconf 81' lang='lat' dir='ltr'><strong>vertit,</strong></span> <span class='ocrx_word' id='word_1_95' title='bbox 1104 1577 1161 1658; x_wconf 92' lang='lat' dir='ltr'><strong>&#39;qui</strong></span> <span class='ocrx_word' id='word_1_96' title='bbox 1181 1575 1269 1640; x_wconf 84' lang='lat' dir='ltr'><strong>litat-</strong></span> 
     </span>
     <span class='ocr_line' id='line_1_14' title="bbox 79 1674 1267 1770; baseline -0.001 -29"><span class='ocrx_word' id='word_1_97' title='bbox 79 1679 160 1742; x_wconf 83' lang='lat' dir='ltr'><strong>tbaei</strong></span> <span class='ocrx_word' id='word_1_98' title='bbox 195 1679 355 1760; x_wconf 84' lang='lat' dir='ltr'><strong>exemplar</strong></span> <span class='ocrx_word' id='word_1_99' title='bbox 371 1678 566 1770; x_wconf 80' lang='lat' dir='ltr'><strong>&#39;Hebraieum</strong></span> <span class='ocrx_word' id='word_1_100' title='bbox 605 1677 686 1758; x_wconf 85' lang='lat' dir='ltr'><strong>apud</strong></span> <span class='ocrx_word' id='word_1_101' title='bbox 711 1675 889 1746; x_wconf 75' lang='lat' dir='ltr'><strong>Naanrnnos</strong></span> <span class='ocrx_word' id='word_1_102' title='bbox 912 1679 1071 1768; x_wconf 25' lang='lat' dir='ltr'><strong>&#39;reperisse</strong></span> <span class='ocrx_word' id='word_1_103' title='bbox 1101 1674 1267 1757; x_wconf 69' lang='lat' dir='ltr'><strong>gloriatur.</strong></span> 
     </span>
     <span class='ocr_line' id='line_1_15' title="bbox 77 1775 1269 1865; baseline 0.001 -21"><span class='ocrx_word' id='word_1_104' title='bbox 77 1782 141 1844; x_wconf 86' lang='lat' dir='ltr'><strong>Sed</strong></span> <span class='ocrx_word' id='word_1_105' title='bbox 162 1775 367 1861; x_wconf 89' lang='lat' dir='ltr'><strong>Hieronymus</strong></span> <span class='ocrx_word' id='word_1_106' title='bbox 398 1799 460 1846; x_wconf 84' lang='lat' dir='ltr'><strong>non</strong></span> <span class='ocrx_word' id='word_1_107' title='bbox 487 1798 616 1863; x_wconf 79' lang='lat' dir='ltr'><strong>prorsus</strong></span> <span class='ocrx_word' id='word_1_108' title='bbox 644 1779 682 1842; x_wconf 86' lang='lat' dir='ltr'><strong>de</strong></span> <span class='ocrx_word' id='word_1_109' title='bbox 704 1778 836 1858; x_wconf 85' lang='lat' dir='ltr'><strong>Syriaca</strong></span> <span class='ocrx_word' id='word_1_110' title='bbox 867 1778 1012 1842; x_wconf 75' lang='lat' dir='ltr'><strong>mersione</strong></span> <span class='ocrx_word' id='word_1_111' title='bbox 1034 1779 1108 1844; x_wconf 86' lang='lat' dir='ltr'><strong>silet</strong></span> <span class='ocrx_word' id='word_1_112' title='bbox 1122 1775 1165 1865; x_wconf 82' lang='lat'><strong>²).</strong></span> <span class='ocrx_word' id='word_1_113' title='bbox 1208 1776 1269 1846; x_wconf 74' lang='lat' dir='ltr'><strong>Ht-</strong></span> 
     </span>
     <span class='ocr_line' id='line_1_16' title="bbox 78 1878 1270 1966; baseline -0.001 -20"><span class='ocrx_word' id='word_1_114' title='bbox 78 1885 154 1946; x_wconf 92' lang='lat' dir='ltr'><strong>enim</strong></span> <span class='ocrx_word' id='word_1_115' title='bbox 183 1885 214 1944; x_wconf 91' lang='lat' dir='ltr'><strong>in</strong></span> <span class='ocrx_word' id='word_1_116' title='bbox 242 1883 405 1966; x_wconf 82' lang='lat' dir='ltr'><strong>lipitapbio</strong></span> <span class='ocrx_word' id='word_1_117' title='bbox 435 1884 551 1948; x_wconf 80' lang='lat' dir='ltr'><strong>Paulae</strong></span> <span class='ocrx_word' id='word_1_118' title='bbox 580 1883 627 1948; x_wconf 88' lang='lat' dir='ltr'><strong>ad</strong></span> <span class='ocrx_word' id='word_1_119' title='bbox 642 1879 837 1944; x_wconf 84' lang='lat' dir='ltr'><strong>linstoobium</strong></span> <span class='ocrx_word' id='word_1_120' title='bbox 865 1897 917 1960; x_wconf 84' lang='lat' dir='ltr'><strong>ep.</strong></span> <span class='ocrx_word' id='word_1_121' title='bbox 939 1878 993 1942; x_wconf 71' lang='lat'><strong>27.</strong></span> <span class='ocrx_word' id='word_1_122' title='bbox 1020 1880 1144 1946; x_wconf 78' lang='lat' dir='ltr'><strong>scribit:</strong></span> <span class='ocrx_word' id='word_1_123' title='bbox 1172 1881 1270 1962; x_wconf 83' lang='lat' dir='ltr'><strong>„He</strong></span> 
     </span>
     <span class='ocr_line' id='line_1_17' title="bbox 78 1981 1269 2082; baseline -0.002 -34"><span class='ocrx_word' id='word_1_124' title='bbox 78 1989 199 2066; x_wconf 88' lang='lat' dir='ltr'><strong>braiea‚</strong></span> <span class='ocrx_word' id='word_1_125' title='bbox 226 1986 364 2080; x_wconf 85' lang='lat' dir='ltr'><strong>Graeco,</strong></span> <span class='ocrx_word' id='word_1_126' title='bbox 386 1981 506 2050; x_wconf 80' lang='lat' dir='ltr'><strong>Latino·</strong></span> <span class='ocrx_word' id='word_1_127' title='bbox 507 1986 703 2082; x_wconf 82' lang='lat' dir='ltr'><strong>Syroqu&#39;e</strong></span> <span class='ocrx_word' id='word_1_128' title='bbox 724 1997 875 2047; x_wconf 90' lang='lat' dir='ltr'><strong>sermone</strong></span> <span class='ocrx_word' id='word_1_129' title='bbox 885 1981 998 2046; x_wconf 82' lang='lat' dir='ltr'><strong>Psalmi</strong></span> <span class='ocrx_word' id='word_1_130' title='bbox 1017 1983 1048 2046; x_wconf 87' lang='lat' dir='ltr'><strong>in</strong></span> <span class='ocrx_word' id='word_1_131' title='bbox 1070 1985 1175 2048; x_wconf 83' lang='lat' dir='ltr'><strong>ordine</strong></span> <span class='ocrx_word' id='word_1_132' title='bbox 1191 2003 1269 2064; x_wconf 86' lang='lat' dir='ltr'><strong>per-</strong></span> 
     </span>
     <span class='ocr_line' id='line_1_18' title="bbox 77 2083 1269 2174; baseline 0 -22"><span class='ocrx_word' id='word_1_133' title='bbox 77 2091 230 2158; x_wconf 85' lang='lat' dir='ltr'><strong>sonabant</strong></span> <span class='ocrx_word' id='word_1_134' title='bbox 244 2085 310 2171; x_wconf 81' lang='grc'><strong>3.)33</strong></span> <span class='ocrx_word' id='word_1_135' title='bbox 362 2085 522 2152; x_wconf 80' lang='lat' dir='ltr'><strong>Ceteram</strong></span> <span class='ocrx_word' id='word_1_136' title='bbox 534 2088 706 2174; x_wconf 80' lang='lat' dir='ltr'><strong>tenendum</strong></span> <span class='ocrx_word' id='word_1_137' title='bbox 730 2088 797 2165; x_wconf 83' lang='lat' dir='ltr'><strong>est,</strong></span> <span class='ocrx_word' id='word_1_138' title='bbox 841 2084 1055 2162; x_wconf 80' lang='lat' dir='ltr'><strong>Hieronymum</strong></span> <span class='ocrx_word' id='word_1_139' title='bbox 1096 2083 1269 2152; x_wconf 81' lang='lat' dir='ltr'><strong>monachum</strong></span> 
     </span>
     <span class='ocr_line' id='line_1_19' title="bbox 76 2167 1268 2272; baseline 0 -22"><span class='ocrx_word' id='word_1_140' title='bbox 76 2193 174 2252; x_wconf 88' lang='lat' dir='ltr'><strong>tuisse</strong></span> <span class='ocrx_word' id='word_1_141' title='bbox 204 2193 237 2253; x_wconf 89' lang='lat' dir='ltr'><strong>et</strong></span> <span class='ocrx_word' id='word_1_142' title='bbox 262 2192 432 2270; x_wconf 84' lang='lat' dir='ltr'><strong>eremitam,</strong></span> <span class='ocrx_word' id='word_1_143' title='bbox 464 2191 516 2272; x_wconf 90' lang='lat' dir='ltr'><strong>qui</strong></span> <span class='ocrx_word' id='word_1_144' title='bbox 543 2167 820 2252; x_wconf 81' lang='lat' dir='ltr'><strong>bethlehemiticam</strong></span> <span class='ocrx_word' id='word_1_145' title='bbox 853 2203 1014 2250; x_wconf 77' lang='lat' dir='ltr'><strong>cavernam</strong></span> <span class='ocrx_word' id='word_1_146' title='bbox 1044 2187 1101 2250; x_wconf 84' lang='lat' dir='ltr'><strong>vix</strong></span> <span class='ocrx_word' id='word_1_147' title='bbox 1128 2185 1268 2267; x_wconf 80' lang='lat' dir='ltr'><strong>relique-</strong></span> 
     </span>
     <span class='ocr_line' id='line_1_20' title="bbox 76 2288 1269 2376; baseline -0.003 -22"><span class='ocrx_word' id='word_1_148' title='bbox 76 2295 118 2356; x_wconf 87' lang='lat' dir='ltr'><strong>rit</strong></span> <span class='ocrx_word' id='word_1_149' title='bbox 144 2312 244 2375; x_wconf 89' lang='lat' dir='ltr'><strong>neque</strong></span> <span class='ocrx_word' id='word_1_150' title='bbox 269 2293 487 2358; x_wconf 72' lang='lat' dir='ltr'><strong>moltam-cina</strong></span> <span class='ocrx_word' id='word_1_151' title='bbox 507 2292 620 2372; x_wconf 78' lang='lat' dir='ltr'><strong>Syriae</strong></span> <span class='ocrx_word' id='word_1_152' title='bbox 640 2290 748 2355; x_wconf 89' lang='lat' dir='ltr'><strong>incolis</strong></span> <span class='ocrx_word' id='word_1_153' title='bbox 767 2291 912 2352; x_wconf 85' lang='lat' dir='ltr'><strong>versatus</strong></span> <span class='ocrx_word' id='word_1_154' title='bbox 933 2290 984 2354; x_wconf 86' lang='lat' dir='ltr'><strong>sit.</strong></span> <span class='ocrx_word' id='word_1_155' title='bbox 1027 2289 1116 2376; x_wconf 80' lang='lat' dir='ltr'><strong>Quod</strong></span> <span class='ocrx_word' id='word_1_156' title='bbox 1138 2289 1214 2364; x_wconf 80' lang='lat' dir='ltr'><strong>eninr</strong></span> <span class='ocrx_word' id='word_1_157' title='bbox 1237 2288 1269 2350; x_wconf 93' lang='lat' dir='ltr'><strong>in</strong></span> 
     </span>
     <span class='ocr_line' id='line_1_21' title="bbox 77 2391 1267 2478; baseline -0.005 -20"><span class='ocrx_word' id='word_1_158' title='bbox 77 2397 235 2475; x_wconf 83' lang='lat' dir='ltr'><strong>prooemio</strong></span> <span class='ocrx_word' id='word_1_159' title='bbox 258 2395 296 2458; x_wconf 90' lang='lat' dir='ltr'><strong>ad</strong></span> <span class='ocrx_word' id='word_1_160' title='bbox 321 2394 466 2460; x_wconf 82' lang='lat' dir='ltr'><strong>Obadiarn</strong></span> <span class='ocrx_word' id='word_1_161' title='bbox 488 2398 607 2460; x_wconf 83' lang='lat' dir='ltr'><strong>moneta</strong></span> <span class='ocrx_word' id='word_1_162' title='bbox 638 2391 794 2478; x_wconf 79' lang='lat' dir='ltr'><strong>‚,Quando</strong></span> <span class='ocrx_word' id='word_1_163' title='bbox 822 2409 884 2468; x_wconf 75' lang='lat' dir='ltr'><strong>ego</strong></span> <span class='ocrx_word' id='word_1_164' title='bbox 907 2392 1267 2470; x_wconf 74' lang='lat' dir='ltr'><strong>el·Heliodorns·canis·</strong></span> 
     </span>
     <span class='ocr_line' id='line_1_22' title="bbox 76 2487 1268 2580; baseline -0.005 -20"><span class='ocrx_word' id='word_1_165' title='bbox 76 2501 170 2562; x_wconf 86' lang='lat' dir='ltr'><strong>sinrns</strong></span> <span class='ocrx_word' id='word_1_166' title='bbox 192 2500 307 2580; x_wconf 85' lang='lat' dir='ltr'><strong>pariter</strong></span> <span class='ocrx_word' id='word_1_167' title='bbox 327 2487 473 2561; x_wconf 83' lang='lat' dir='ltr'><strong>babitare&#39;</strong></span> <span class='ocrx_word' id='word_1_168' title='bbox 487 2495 680 2564; x_wconf 83' lang='lat' dir='ltr'><strong>sblitudinem</strong></span> <span class='ocrx_word' id='word_1_169' title='bbox 695 2494 808 2574; x_wconf 79' lang='lat' dir='ltr'><strong>syriae</strong></span> <span class='ocrx_word' id='word_1_170' title='bbox 820 2491 982 2559; x_wconf 32' lang='lat' dir='ltr'><strong>*Ohalcidls</strong></span> <span class='ocrx_word' id='word_1_171' title='bbox 1002 2491 1268 2574; x_wconf 85' lang='lat' dir='ltr'><strong>nitebamur,“</strong></span> 
     </span>
     <span class='ocr_line' id='line_1_23' title="bbox 76 2596 1266 2682; baseline -0.003 -20"><span class='ocrx_word' id='word_1_172' title='bbox 76 2603 146 2663; x_wconf 91' lang='lat' dir='ltr'><strong>inde</strong></span> <span class='ocrx_word' id='word_1_173' title='bbox 173 2619 233 2662; x_wconf 90' lang='lat' dir='ltr'><strong>nnn</strong></span> <span class='ocrx_word' id='word_1_174' title='bbox 265 2602 477 2682; x_wconf 80' lang='lat' dir='ltr'><strong>consequitur,</strong></span> <span class='ocrx_word' id='word_1_175' title='bbox 507 2600 630 2664; x_wconf 85' lang='lat' dir='ltr'><strong>mullum</strong></span> <span class='ocrx_word' id='word_1_176' title='bbox 653 2615 719 2660; x_wconf 90' lang='lat' dir='ltr'><strong>eum</strong></span> <span class='ocrx_word' id='word_1_177' title='bbox 740 2597 886 2676; x_wconf 86' lang='lat' dir='ltr'><strong>temperis</strong></span> <span class='ocrx_word' id='word_1_178' title='bbox 906 2596 960 2660; x_wconf 90' lang='lat' dir='ltr'><strong>illa</strong></span> <span class='ocrx_word' id='word_1_179' title='bbox 982 2598 1012 2658; x_wconf 90' lang='lat' dir='ltr'><strong>in</strong></span> <span class='ocrx_word' id='word_1_180' title='bbox 1033 2598 1163 2676; x_wconf 76' lang='lat' dir='ltr'><strong>regione</strong></span> <span class='ocrx_word' id='word_1_181' title='bbox 1188 2613 1266 2666; x_wconf 66' lang='lat' dir='ltr'><strong>con7</strong></span> 
     </span>
     <span class='ocr_line' id='line_1_24' title="bbox 78 2686 1267 2780; baseline -0.003 -18"><span class='ocrx_word' id='word_1_182' title='bbox 78 2705 235 2764; x_wconf 84' lang='lat' dir='ltr'><strong>sumsisse.</strong></span> <span class='ocrx_word' id='word_1_183' title='bbox 278 2702 407 2766; x_wconf 89' lang='lat' dir='ltr'><strong>Videtur</strong></span> <span class='ocrx_word' id='word_1_184' title='bbox 439 2707 541 2766; x_wconf 83' lang='lat' dir='ltr'><strong>tamen</strong></span> <span class='ocrx_word' id='word_1_185' title='bbox 572 2701 675 2764; x_wconf 85' lang='lat' dir='ltr'><strong>versio</strong></span> <span class='ocrx_word' id='word_1_186' title='bbox 707 2699 839 2778; x_wconf 88' lang='lat' dir='ltr'><strong>Syriaca</strong></span> <span class='ocrx_word' id='word_1_187' title='bbox 867 2686 1021 2780; x_wconf 74' lang='lat' dir='ltr'><strong>Simplex¹</strong></span> <span class='ocrx_word' id='word_1_188' title='bbox 1035 2701 1064 2762; x_wconf 91' lang='lat' dir='ltr'><strong>in</strong></span> <span class='ocrx_word' id='word_1_189' title='bbox 1092 2698 1267 2763; x_wconf 81' lang='lat' dir='ltr'><strong>Palaestina</strong></span> 
     </span>
    </p>
   </div>
   <div class='ocr_carea' id='block_1_3' title="bbox 76 2799 1266 2907">
    <p class='ocr_par' dir='ltr' id='par_1_3' title="bbox 76 2799 1266 2907">
     <span class='ocr_line' id='line_1_25' title="bbox 76 2799 1266 2907; baseline -0.003 -43"><span class='ocrx_word' id='word_1_190' title='bbox 76 2804 254 2882; x_wconf 81' lang='lat' dir='ltr'><strong>Hieronymi</strong></span> <span class='ocrx_word' id='word_1_191' title='bbox 275 2805 460 2888; x_wconf 87' lang='lat' dir='ltr'><strong>temporibus</strong></span> <span class='ocrx_word' id='word_1_192' title='bbox 484 2806 541 2868; x_wconf 86' lang='lat' dir='ltr'><strong>vix</strong></span> <span class='ocrx_word' id='word_1_193' title='bbox 560 2804 719 2868; x_wconf 84' lang='lat' dir='ltr'><strong>mullorum</strong></span> <span class='ocrx_word' id='word_1_194' title='bbox 741 2801 770 2862; x_wconf 90' lang='lat' dir='ltr'><strong>in</strong></span> <span class='ocrx_word' id='word_1_195' title='bbox 785 2799 962 2907; x_wconf 76' lang='lat' dir='ltr'><strong>ursuiuisse.</strong></span> <span class='ocrx_word' id='word_1_196' title='bbox 1006 2800 1266 2864; x_wconf 83' lang='lat' dir='ltr'><strong>Har-Hebraeus</strong></span> 
     </span>
    </p>
   </div>
   <div class='ocr_carea' id='block_1_4' title="bbox 73 3047 1264 3377">
    <p class='ocr_par' dir='ltr' id='par_1_4' title="bbox 73 3047 1264 3377">
     <span class='ocr_line' id='line_1_26' title="bbox 182 3047 1263 3128; baseline -0.006 -16"><span class='ocrx_word' id='word_1_197' title='bbox 182 3057 211 3124; x_wconf 92' lang='lat'><strong>1)</strong></span> <span class='ocrx_word' id='word_1_198' title='bbox 236 3056 297 3114; x_wconf 90' lang='lat' dir='ltr'><strong>Non</strong></span> <span class='ocrx_word' id='word_1_199' title='bbox 321 3061 379 3128; x_wconf 85' lang='lat' dir='ltr'><strong>ipse</strong></span> <span class='ocrx_word' id='word_1_200' title='bbox 404 3057 536 3128; x_wconf 79' lang='lat' dir='ltr'><strong>Origenes</strong></span> <span class='ocrx_word' id='word_1_201' title='bbox 560 3055 609 3109; x_wconf 92' lang='lat' dir='ltr'><strong>bas</strong></span> <span class='ocrx_word' id='word_1_202' title='bbox 629 3059 709 3108; x_wconf 86' lang='lat' dir='ltr'><strong>notas</strong></span> <span class='ocrx_word' id='word_1_203' title='bbox 726 3051 838 3116; x_wconf 75' lang='lat' dir='ltr'><strong>adiecit,</strong></span> <span class='ocrx_word' id='word_1_204' title='bbox 864 3047 912 3104; x_wconf 92' lang='lat' dir='ltr'><strong>sed</strong></span> <span class='ocrx_word' id='word_1_205' title='bbox 930 3053 1026 3118; x_wconf 84' lang='lat' dir='ltr'><strong>postea</strong></span> <span class='ocrx_word' id='word_1_206' title='bbox 1045 3047 1153 3104; x_wconf 87' lang='lat' dir='ltr'><strong>additae</strong></span> <span class='ocrx_word' id='word_1_207' title='bbox 1169 3049 1263 3106; x_wconf 83' lang='lat' dir='ltr'><strong>uiden-</strong></span> 
     </span>
     <span class='ocr_line' id='line_1_27' title="bbox 74 3133 1264 3217; baseline -0.008 -19"><span class='ocrx_word' id='word_1_208' title='bbox 74 3149 135 3207; x_wconf 83' lang='lat' dir='ltr'><strong>tur,</strong></span> <span class='ocrx_word' id='word_1_209' title='bbox 165 3157 221 3195; x_wconf 92' lang='lat' dir='ltr'><strong>non</strong></span> <span class='ocrx_word' id='word_1_210' title='bbox 244 3143 348 3213; x_wconf 84' lang='lat' dir='ltr'><strong>quiden</strong></span> <span class='ocrx_word' id='word_1_211' title='bbox 373 3158 405 3198; x_wconf 85' lang='lat' dir='ltr'><strong>ex</strong></span> <span class='ocrx_word' id='word_1_212' title='bbox 431 3139 686 3197; x_wconf 78' lang='lat' dir='ltr'><strong>Graeca‘versione</strong></span> <span class='ocrx_word' id='word_1_213' title='bbox 713 3136 863 3206; x_wconf 82' lang='lat' dir='ltr'><strong>Simplicis,</strong></span> <span class='ocrx_word' id='word_1_214' title='bbox 894 3133 942 3188; x_wconf 89' lang='lat' dir='ltr'><strong>sed</strong></span> <span class='ocrx_word' id='word_1_215' title='bbox 958 3135 1080 3217; x_wconf 67' lang='lat' dir='ltr'><strong>contulit</strong></span> <span class='ocrx_word' id='word_1_216' title='bbox 1095 3136 1138 3190; x_wconf 81' lang='lat' dir='ltr'><strong>vir</strong></span> <span class='ocrx_word' id='word_1_217' title='bbox 1157 3134 1264 3205; x_wconf 88' lang='lat' dir='ltr'><strong>quidam</strong></span> 
     </span>
     <span class='ocr_line' id='line_1_28' title="bbox 73 3217 1263 3298; baseline -0.006 -18"><span class='ocrx_word' id='word_1_218' title='bbox 73 3227 207 3282; x_wconf 87' lang='lat' dir='ltr'><strong>Hebraice</strong></span> <span class='ocrx_word' id='word_1_219' title='bbox 225 3235 252 3281; x_wconf 89' lang='lat' dir='ltr'><strong>et</strong></span> <span class='ocrx_word' id='word_1_220' title='bbox 269 3227 379 3298; x_wconf 86' lang='lat' dir='ltr'><strong>Syriaca</strong></span> <span class='ocrx_word' id='word_1_221' title='bbox 396 3228 491 3282; x_wconf 85' lang='lat' dir='ltr'><strong>doctus</strong></span> <span class='ocrx_word' id='word_1_222' title='bbox 509 3230 654 3293; x_wconf 79' lang='lat' dir='ltr'><strong>utramque¹</strong></span> <span class='ocrx_word' id='word_1_223' title='bbox 667 3222 833 3292; x_wconf 77' lang='lat' dir='ltr'><strong>scripturam</strong></span> <span class='ocrx_word' id='word_1_224' title='bbox 851 3225 878 3275; x_wconf 90' lang='lat' dir='ltr'><strong>et</strong></span> <span class='ocrx_word' id='word_1_225' title='bbox 898 3217 1002 3275; x_wconf 81' lang='lat' dir='ltr'><strong>Graece</strong></span> <span class='ocrx_word' id='word_1_226' title='bbox 1020 3220 1191 3276; x_wconf 78' lang='lat' dir='ltr'><strong>diversitates</strong></span> <span class='ocrx_word' id='word_1_227' title='bbox 1212 3236 1263 3273; x_wconf 93' lang='lat' dir='ltr'><strong>no-</strong></span> 
     </span>
     <span class='ocr_line' id='line_1_29' title="bbox 73 3305 1262 3377; baseline -0.001 -15"><span class='ocrx_word' id='word_1_228' title='bbox 73 3314 148 3364; x_wconf 82' lang='lat' dir='ltr'><strong>tavit.</strong></span> <span class='ocrx_word' id='word_1_229' title='bbox 186 3312 249 3367; x_wconf 89' lang='lat' dir='ltr'><strong>lnde</strong></span> <span class='ocrx_word' id='word_1_230' title='bbox 268 3317 295 3366; x_wconf 92' lang='lat' dir='ltr'><strong>in</strong></span> <span class='ocrx_word' id='word_1_231' title='bbox 312 3315 448 3377; x_wconf 84' lang='lat' dir='ltr'><strong>yaridrnm</strong></span> <span class='ocrx_word' id='word_1_232' title='bbox 466 3313 585 3366; x_wconf 82' lang='grc' dir='ltr'><strong>ιιιοιιιιιιΙ</strong></span> <span class='ocrx_word' id='word_1_233' title='bbox 604 3311 810 3363; x_wconf 87' lang='lat' dir='ltr'><strong>commentarios</strong></span> <span class='ocrx_word' id='word_1_234' title='bbox 830 3305 961 3360; x_wconf 82' lang='lat' dir='ltr'><strong>eiusmodi</strong></span> <span class='ocrx_word' id='word_1_235' title='bbox 977 3311 1058 3360; x_wconf 90' lang='lat' dir='ltr'><strong>notae</strong></span> <span class='ocrx_word' id='word_1_236' title='bbox 1072 3311 1262 3376; x_wconf 81' lang='lat' dir='ltr'><strong>peruenerunt.</strong></span> 
     </span>
    </p>
   </div>
   <div class='ocr_carea' id='block_1_5' title="bbox 58 3403 1269 4075">
    <p class='ocr_par' dir='ltr' id='par_1_5' title="bbox 58 3403 1269 4075">
     <span class='ocr_line' id='line_1_30' title="bbox 175 3403 1260 3479; baseline -0.009 -13"><span class='ocrx_word' id='word_1_237' title='bbox 175 3411 206 3479; x_wconf 83' lang='lat'><strong>2)</strong></span> <span class='ocrx_word' id='word_1_238' title='bbox 234 3411 274 3465; x_wconf 83' lang='lat' dir='ltr'><strong>cf.</strong></span> <span class='ocrx_word' id='word_1_239' title='bbox 299 3411 381 3472; x_wconf 77' lang='lat' dir='ltr'><strong>Andr,</strong></span> <span class='ocrx_word' id='word_1_240' title='bbox 406 3409 520 3476; x_wconf 77' lang='lat' dir='ltr'><strong>illiciter,</strong></span> <span class='ocrx_word' id='word_1_241' title='bbox 554 3408 638 3478; x_wconf 89' lang='lat' dir='ltr'><strong>symb.</strong></span> <span class='ocrx_word' id='word_1_242' title='bbox 658 3406 761 3477; x_wconf 88' lang='lat' dir='ltr'><strong>Syriae.</strong></span> <span class='ocrx_word' id='word_1_243' title='bbox 781 3405 871 3460; x_wconf 87' lang='lat' dir='ltr'><strong>Berol.</strong></span> <span class='ocrx_word' id='word_1_244' title='bbox 891 3410 967 3464; x_wconf 83' lang='lat'><strong>1673.</strong></span> <span class='ocrx_word' id='word_1_245' title='bbox 1002 3403 1189 3475; x_wconf 85' lang='lat' dir='ltr'><strong>Hieronymum</strong></span> <span class='ocrx_word' id='word_1_246' title='bbox 1208 3405 1260 3457; x_wconf 90' lang='lat' dir='ltr'><strong>lin-</strong></span> 
     </span>
     <span class='ocr_line' id='line_1_31' title="bbox 71 3489 1260 3566; baseline -0.005 -20"><span class='ocrx_word' id='word_1_247' title='bbox 71 3507 141 3560; x_wconf 83' lang='lat' dir='ltr'><strong>guae</strong></span> <span class='ocrx_word' id='word_1_248' title='bbox 167 3494 296 3566; x_wconf 81' lang='lat' dir='ltr'><strong>Syniaoac</strong></span> <span class='ocrx_word' id='word_1_249' title='bbox 318 3499 449 3566; x_wconf 76' lang='lat' dir='ltr'><strong>igniacum</strong></span> <span class='ocrx_word' id='word_1_250' title='bbox 468 3496 551 3549; x_wconf 90' lang='lat' dir='ltr'><strong>inisse</strong></span> <span class='ocrx_word' id='word_1_251' title='bbox 578 3489 732 3546; x_wconf 85' lang='lat' dir='ltr'><strong>Gennadius</strong></span> <span class='ocrx_word' id='word_1_252' title='bbox 757 3489 820 3543; x_wconf 89' lang='lat' dir='ltr'><strong>indo</strong></span> <span class='ocrx_word' id='word_1_253' title='bbox 848 3493 972 3544; x_wconf 79' lang='lat' dir='ltr'><strong>evincere</strong></span> <span class='ocrx_word' id='word_1_254' title='bbox 998 3491 1098 3554; x_wconf 80' lang='lat' dir='ltr'><strong>uoluit,</strong></span> <span class='ocrx_word' id='word_1_255' title='bbox 1135 3489 1206 3560; x_wconf 91' lang='lat' dir='ltr'><strong>quod</strong></span> <span class='ocrx_word' id='word_1_256' title='bbox 1230 3489 1260 3540; x_wconf 92' lang='lat' dir='ltr'><strong>in</strong></span> 
     </span>
     <span class='ocr_line' id='line_1_32' title="bbox 71 3573 1269 3642; baseline 0 -13"><span class='ocrx_word' id='word_1_257' title='bbox 71 3577 141 3632; x_wconf 87' lang='lat' dir='ltr'><strong>libro</strong></span> <span class='ocrx_word' id='word_1_258' title='bbox 161 3579 193 3633; x_wconf 91' lang='lat' dir='ltr'><strong>de</strong></span> <span class='ocrx_word' id='word_1_259' title='bbox 211 3573 278 3634; x_wconf 82' lang='lat' dir='ltr'><strong>viris</strong></span> <span class='ocrx_word' id='word_1_260' title='bbox 296 3581 394 3636; x_wconf 81' lang='lat' dir='ltr'><strong>illustr.</strong></span> <span class='ocrx_word' id='word_1_261' title='bbox 413 3580 505 3634; x_wconf 92' lang='lat' dir='ltr'><strong>lacobi</strong></span> <span class='ocrx_word' id='word_1_262' title='bbox 521 3577 644 3631; x_wconf 89' lang='lat' dir='ltr'><strong>Nisibeni</strong></span> <span class='ocrx_word' id='word_1_263' title='bbox 662 3575 761 3629; x_wconf 91' lang='lat' dir='ltr'><strong>nnllam</strong></span> <span class='ocrx_word' id='word_1_264' title='bbox 780 3576 938 3627; x_wconf 85' lang='lat' dir='ltr'><strong>mentionem</strong></span> <span class='ocrx_word' id='word_1_265' title='bbox 958 3573 1053 3626; x_wconf 84' lang='lat' dir='ltr'><strong>iecerit</strong></span> <span class='ocrx_word' id='word_1_266' title='bbox 1066 3587 1153 3642; x_wconf 84' lang='lat' dir='ltr'><strong>neque</strong></span> <span class='ocrx_word' id='word_1_267' title='bbox 1167 3587 1269 3629; x_wconf 86' lang='lat' dir='ltr'><strong>eorum.</strong></span> 
     </span>
     <span class='ocr_line' id='line_1_33' title="bbox 70 3656 1260 3736; baseline -0.003 -23"><span class='ocrx_word' id='word_1_268' title='bbox 70 3659 214 3730; x_wconf 89' lang='lat' dir='ltr'><strong>prraemi</strong></span> <span class='ocrx_word' id='word_1_269' title='bbox 239 3665 385 3732; x_wconf 82' lang='lat' dir='ltr'><strong>librorum,</strong></span> <span class='ocrx_word' id='word_1_270' title='bbox 413 3669 458 3736; x_wconf 91' lang='lat' dir='ltr'><strong>qui</strong></span> <span class='ocrx_word' id='word_1_271' title='bbox 478 3665 714 3736; x_wconf 81' lang='lat' dir='ltr'><strong>Syriacatantum</strong></span> <span class='ocrx_word' id='word_1_272' title='bbox 733 3660 827 3728; x_wconf 81' lang='lat' dir='ltr'><strong>lingna</strong></span> <span class='ocrx_word' id='word_1_273' title='bbox 845 3657 1109 3712; x_wconf 77' lang='lat' dir='ltr'><strong>circumferebantur.</strong></span> <span class='ocrx_word' id='word_1_274' title='bbox 1145 3656 1198 3709; x_wconf 86' lang='lat' dir='ltr'><strong>Sed</strong></span> <span class='ocrx_word' id='word_1_275' title='bbox 1216 3656 1260 3710; x_wconf 91' lang='lat' dir='ltr'><strong>la-</strong></span> 
     </span>
     <span class='ocr_line' id='line_1_34' title="bbox 58 3737 1258 3818; baseline -0.004 -19"><span class='ocrx_word' id='word_1_276' title='bbox 58 3737 338 3818; x_wconf 71' lang='lat' dir='ltr'><strong>&#39;cobnmNisibennm</strong></span> <span class='ocrx_word' id='word_1_277' title='bbox 357 3748 509 3812; x_wconf 77' lang='lat' dir='ltr'><strong>Gennadius</strong></span> <span class='ocrx_word' id='word_1_278' title='bbox 535 3751 594 3817; x_wconf 88' lang='lat' dir='ltr'><strong>ipse</strong></span> <span class='ocrx_word' id='word_1_279' title='bbox 613 3760 672 3810; x_wconf 82' lang='lat' dir='ltr'><strong>oum</strong></span> <span class='ocrx_word' id='word_1_280' title='bbox 690 3743 839 3812; x_wconf 85' lang='lat' dir='ltr'><strong>Sarugensi</strong></span> <span class='ocrx_word' id='word_1_281' title='bbox 858 3740 993 3806; x_wconf 84' lang='lat' dir='ltr'><strong>conludii,</strong></span> <span class='ocrx_word' id='word_1_282' title='bbox 1020 3755 1108 3812; x_wconf 89' lang='lat' dir='ltr'><strong>neque</strong></span> <span class='ocrx_word' id='word_1_283' title='bbox 1128 3740 1258 3798; x_wconf 80' lang='lat' dir='ltr'><strong>credibile</strong></span> 
     </span>
     <span class='ocr_line' id='line_1_35' title="bbox 70 3823 1259 3906; baseline -0.008 -17"><span class='ocrx_word' id='word_1_284' title='bbox 70 3838 127 3896; x_wconf 87' lang='lat' dir='ltr'><strong>est,</strong></span> <span class='ocrx_word' id='word_1_285' title='bbox 159 3834 278 3903; x_wconf 84' lang='lat' dir='ltr'><strong>linguam</strong></span> <span class='ocrx_word' id='word_1_286' title='bbox 297 3835 435 3906; x_wconf 82' lang='lat' dir='ltr'><strong>Syriacam</strong></span> <span class='ocrx_word' id='word_1_287' title='bbox 453 3837 565 3892; x_wconf 79' lang='lat' dir='ltr'><strong>latuisse</strong></span> <span class='ocrx_word' id='word_1_288' title='bbox 581 3829 785 3898; x_wconf 82' lang='lat' dir='ltr'><strong>Hieronymum,</strong></span> <span class='ocrx_word' id='word_1_289' title='bbox 817 3829 857 3882; x_wconf 89' lang='lat' dir='ltr'><strong>in.</strong></span> <span class='ocrx_word' id='word_1_290' title='bbox 869 3825 936 3880; x_wconf 91' lang='lat' dir='ltr'><strong>lobo</strong></span> <span class='ocrx_word' id='word_1_291' title='bbox 964 3825 1046 3882; x_wconf 85' lang='lat' dir='ltr'><strong>multa</strong></span> <span class='ocrx_word' id='word_1_292' title='bbox 1071 3841 1104 3880; x_wconf 87' lang='lat' dir='ltr'><strong>ex</strong></span> <span class='ocrx_word' id='word_1_293' title='bbox 1122 3823 1259 3896; x_wconf 86' lang='lat' dir='ltr'><strong>Syriasmo</strong></span> 
     </span>
     <span class='ocr_line' id='line_1_36' title="bbox 69 3909 1261 3989; baseline -0.003 -22"><span class='ocrx_word' id='word_1_294' title='bbox 69 3917 253 3986; x_wconf 86' lang='lat' dir='ltr'><strong>explicantem.</strong></span> <span class='ocrx_word' id='word_1_295' title='bbox 298 3919 337 3974; x_wconf 84' lang='lat' dir='ltr'><strong>Gi.</strong></span> <span class='ocrx_word' id='word_1_296' title='bbox 363 3921 489 3976; x_wconf 89' lang='lat' dir='ltr'><strong>eundem.</strong></span> <span class='ocrx_word' id='word_1_297' title='bbox 499 3937 540 3989; x_wconf 89' lang='lat' dir='ltr'><strong>ep.</strong></span> <span class='ocrx_word' id='word_1_298' title='bbox 566 3923 624 3974; x_wconf 78' lang='lat'><strong>137.</strong></span> <span class='ocrx_word' id='word_1_299' title='bbox 650 3915 685 3968; x_wconf 88' lang='lat' dir='ltr'><strong>ad</strong></span> <span class='ocrx_word' id='word_1_300' title='bbox 710 3911 853 3978; x_wconf 73' lang='lat' dir='ltr'><strong>Manca,</strong></span> <span class='ocrx_word' id='word_1_301' title='bbox 858 3909 1035 3977; x_wconf 85' lang='lat' dir='ltr'><strong>‚Maranatba</strong></span> <span class='ocrx_word' id='word_1_302' title='bbox 1060 3913 1147 3981; x_wconf 81' lang='lat' dir='ltr'><strong>magis</strong></span> <span class='ocrx_word' id='word_1_303' title='bbox 1165 3910 1261 3982; x_wconf 79' lang='lat' dir='ltr'><strong>Syrum</strong></span> 
     </span>
     <span class='ocr_line' id='line_1_37' title="bbox 69 3993 1260 4075; baseline -0.005 -24"><span class='ocrx_word' id='word_1_304' title='bbox 69 4007 110 4052; x_wconf 89' lang='lat' dir='ltr'><strong>est</strong></span> <span class='ocrx_word' id='word_1_305' title='bbox 141 4018 220 4072; x_wconf 89' lang='lat' dir='ltr'><strong>quam</strong></span> <span class='ocrx_word' id='word_1_306' title='bbox 238 4005 414 4071; x_wconf 88' lang='lat' dir='ltr'><strong>Hebraicum‚</strong></span> <span class='ocrx_word' id='word_1_307' title='bbox 445 4007 551 4059; x_wconf 85' lang='lat' dir='ltr'><strong>tametsi</strong></span> <span class='ocrx_word' id='word_1_308' title='bbox 579 4019 612 4056; x_wconf 86' lang='lat' dir='ltr'><strong>ex</strong></span> <span class='ocrx_word' id='word_1_309' title='bbox 636 4001 752 4068; x_wconf 85' lang='lat' dir='ltr'><strong>confinio</strong></span> <span class='ocrx_word' id='word_1_310' title='bbox 776 4005 949 4075; x_wconf 86' lang='lat' dir='ltr'><strong>utrarumque</strong></span> <span class='ocrx_word' id='word_1_311' title='bbox 976 3998 1130 4068; x_wconf 85' lang='lat' dir='ltr'><strong>linguarum</strong></span> <span class='ocrx_word' id='word_1_312' title='bbox 1156 3993 1260 4064; x_wconf 86' lang='lat' dir='ltr'><strong>aliquid</strong></span> 
     </span>
    </p>
   </div>
   <div class='ocr_carea' id='block_1_6' title="bbox 68 4077 1360 4170">
    <p class='ocr_par' dir='ltr' id='par_1_6' title="bbox 68 4077 1360 4170">
     <span class='ocr_line' id='line_1_38' title="bbox 68 4077 1360 4170; baseline -0.007 -33"><span class='ocrx_word' id='word_1_313' title='bbox 68 4081 149 4139; x_wconf 88' lang='lat' dir='ltr'><strong>llebr.</strong></span> <span class='ocrx_word' id='word_1_314' title='bbox 168 4083 262 4156; x_wconf 81' lang='lat' dir='ltr'><strong>sonat,</strong></span> <span class='ocrx_word' id='word_1_315' title='bbox 290 4097 316 4146; x_wconf 88' lang='lat' dir='ltr'><strong>et</strong></span> <span class='ocrx_word' id='word_1_316' title='bbox 335 4093 541 4160; x_wconf 86' lang='lat' dir='ltr'><strong>interpretatur:</strong></span> <span class='ocrx_word' id='word_1_317' title='bbox 564 4085 693 4170; x_wconf 80' lang='lat' dir='ltr'><strong>Dominus</strong></span> <span class='ocrx_word' id='word_1_318' title='bbox 711 4077 804 4139; x_wconf 83' lang='lat' dir='ltr'><strong>noster</strong></span> <span class='ocrx_word' id='word_1_319' title='bbox 820 4085 922 4138; x_wconf 65' lang='lat' dir='ltr'><strong>venitf‘</strong></span> <span class='ocrx_word' id='word_1_320' title='bbox 957 4082 1019 4137; x_wconf 82' lang='lat' dir='ltr'><strong>Alia</strong></span> <span class='ocrx_word' id='word_1_321' title='bbox 1036 4083 1110 4136; x_wconf 83' lang='lat' dir='ltr'><strong>inira</strong></span> <span class='ocrx_word' id='word_1_322' title='bbox 1128 4080 1258 4134; x_wconf 88' lang='lat' dir='ltr'><strong>dicentur.</strong></span> <span class='ocrx_word' id='word_1_323' title='bbox 1350 4093 1360 4104; x_wconf 66' lang='lat'><strong><em>‘</em></strong></span> 
     </span>
    </p>
   </div>
   <div class='ocr_carea' id='block_1_7' title="bbox 64 4182 1260 4443">
    <p class='ocr_par' dir='ltr' id='par_1_7' title="bbox 64 4182 1260 4443">
     <span class='ocr_line' id='line_1_39' title="bbox 170 4182 1260 4256; baseline -0.011 -12.776"><span class='ocrx_word' id='word_1_324' title='bbox 170 4187 330 4256; x_wconf 83' lang='lat' dir='ltr'><strong>3)l¹aulam</strong></span> <span class='ocrx_word' id='word_1_325' title='bbox 358 4197 385 4246; x_wconf 89' lang='lat' dir='ltr'><strong>et</strong></span> <span class='ocrx_word' id='word_1_326' title='bbox 406 4185 579 4244; x_wconf 83' lang='lat' dir='ltr'><strong>Eustochium</strong></span> <span class='ocrx_word' id='word_1_327' title='bbox 602 4183 762 4239; x_wconf 88' lang='lat' dir='ltr'><strong>Hebraicam</strong></span> <span class='ocrx_word' id='word_1_328' title='bbox 785 4183 905 4253; x_wconf 84' lang='lat' dir='ltr'><strong>linguam</strong></span> <span class='ocrx_word' id='word_1_329' title='bbox 925 4182 1069 4246; x_wconf 84' lang='lat' dir='ltr'><strong>didicisse,</strong></span> <span class='ocrx_word' id='word_1_330' title='bbox 1093 4189 1260 4248; x_wconf 84' lang='lat' dir='ltr'><strong>magnopere</strong></span> 
     </span>
     <span class='ocr_line' id='line_1_40' title="bbox 65 4265 1258 4362; baseline -0.006 -42"><span class='ocrx_word' id='word_1_331' title='bbox 65 4267 203 4334; x_wconf 81' lang='lat' dir='ltr'><strong>gloriatur</strong></span> <span class='ocrx_word' id='word_1_332' title='bbox 228 4271 423 4362; x_wconf 77' lang='lat' dir='ltr'><strong>Hieronymus,</strong></span> <span class='ocrx_word' id='word_1_333' title='bbox 454 4276 499 4328; x_wconf 83' lang='grc' dir='ltr'><strong>ιιι</strong></span> <span class='ocrx_word' id='word_1_334' title='bbox 524 4269 558 4328; x_wconf 87' lang='lat' dir='ltr'><strong>ab</strong></span> <span class='ocrx_word' id='word_1_335' title='bbox 586 4281 695 4339; x_wconf 87' lang='lat' dir='ltr'><strong>operam</strong></span> <span class='ocrx_word' id='word_1_336' title='bbox 721 4274 748 4322; x_wconf 90' lang='lat' dir='ltr'><strong>et</strong></span> <span class='ocrx_word' id='word_1_337' title='bbox 772 4268 935 4323; x_wconf 80' lang='lat' dir='ltr'><strong>indefessum</strong></span> <span class='ocrx_word' id='word_1_338' title='bbox 959 4269 1095 4331; x_wconf 89' lang='lat' dir='ltr'><strong>laborem,</strong></span> <span class='ocrx_word' id='word_1_339' title='bbox 1126 4278 1203 4334; x_wconf 80' lang='lat' dir='ltr'><strong>qoem</strong></span> <span class='ocrx_word' id='word_1_340' title='bbox 1230 4265 1258 4314; x_wconf 90' lang='lat' dir='ltr'><strong>in</strong></span> 
     </span>
     <span class='ocr_line' id='line_1_41' title="bbox 64 4341 1196 4443; baseline -0.004 -40"><span class='ocrx_word' id='word_1_341' title='bbox 64 4349 155 4410; x_wconf 89' lang='lat' dir='ltr'><strong>Biblia</strong></span> <span class='ocrx_word' id='word_1_342' title='bbox 175 4367 310 4430; x_wconf 73' lang='lat' dir='ltr'><strong>navavit„</strong></span> <span class='ocrx_word' id='word_1_343' title='bbox 326 4353 461 4432; x_wconf 80' lang='lat' dir='ltr'><strong>nunqnam</strong></span> <span class='ocrx_word' id='word_1_344' title='bbox 478 4353 726 4419; x_wconf 65' lang='lat' dir='ltr'><strong>retinendarum,</strong></span> <span class='ocrx_word' id='word_1_345' title='bbox 752 4355 864 4425; x_wconf 83' lang='lat' dir='ltr'><strong>ingenio</strong></span> <span class='ocrx_word' id='word_1_346' title='bbox 883 4347 1057 4443; x_wconf 49' lang='lat' dir='ltr'><strong>vribusque</strong></span> <span class='ocrx_word' id='word_1_347' title='bbox 1076 4341 1196 4404; x_wconf 84' lang='lat' dir='ltr'><strong>nonita</strong></span> 
     </span>
    </p>
   </div>
   <div class='ocr_carea' id='block_1_8' title="bbox 972 4437 994 4500">
    <p class='ocr_par' dir='ltr' id='par_1_8' title="bbox 972 4437 994 4500">
     <span class='ocr_line' id='line_1_42' title="bbox 972 4437 994 4500; baseline 0 0"><span class='ocrx_word' id='word_1_348' title='bbox 972 4437 994 4500; x_wconf 83' lang='lat'>5</span> 
     </span>
    </p>
   </div>
   <div class='ocr_carea' id='block_1_9' title="bbox 0 0 1492 5012">
    <p class='ocr_par' dir='ltr' id='par_1_9' title="bbox 0 0 1492 5012">
     <span class='ocr_line' id='line_1_43' title="bbox 0 0 1492 5012; baseline 0 5"><span class='ocrx_word' id='word_1_349' title='bbox 0 0 1492 5012; x_wconf 95' lang='lat' dir='ltr'><strong> </strong></span> 
     </span>
    </p>
   </div>
  </div>
 </body>
</html>
