2956 5004
1208 285 1276 358 8⁰7

191 457 409 540 Nonnunquam
441 458 546 520 versio
575 457 708 540 Syriaca
724 429 767 522 'in
789 458 953 522 sebsidium
977 458 1082 522 vocari
1104 461 1209 544 potest
1230 462 1271 526 ad

80 577 171 622 nsnm
199 563 233 624 et
260 558 509 625 consuetudinem
537 561 681 642 temporis
713 563 795 626 illios
823 561 1084 640 cognoscendam,
1130 561 1270 646 llxempli

79 695 179 742 cansa
213 677 391 763 παρασκευή
420 675 465 739 lo·
491 675 586 758 XIX,
616 675 668 743 31.
697 681 827 745 vertitur
858 663 1000 769 Idm&
1028 682 1062 746 et
1081 681 1269 748 notissimum

78 799 149 876 est,
186 797 267 879 apud
300 797 402 878 Syros
432 795 499 858 dies
527 797 715 879 septimanae
743 800 786 863 itn
813 799 961 864 commori
985 802 1018 864 et
1039 801 1215 886 appellari,
1233 807 1268 868 nt
1355 880 1359 888 1

77 897 223 998 Iliso&
252 915 329 978 diem
354 913 483 977 Veneris
510 896 674 996 significet.
717 918 797 988 llies¹
822 937 899 1004 quae
929 919 1088 1002 praecedit
1108 921 1266 986 sabbatum

76 1033 272 1122 illoxnomine
297 1034 623 1118 ohiqceintelligitur.
667 1033 911 1116 loannesigitur
934 1035 1102 1118 coniicit,
1134 1018 1264 1120 parasse

76 1135 261 1200 seludaeos
283 1137 322 1199 ad
344 1129 500 1219 paschatis
523 1137 599 1200 diem
622 1137 746 1226 prime-m
768 1123 1074 1224 celebrandum,sed
1088 1139 1264 1208 crucifixum

75 1258 152 1325 esse
177 1239 275 1307 lesum
298 1237 347 1301 die
370 1237 424 1302 vi.
445 1239 474 1301 ln
497 1239 565 1322 ipsc
587 1237 746 1302 Pesclatis
766 1239 848 1302 iesto
872 1239 1030 1304 sabinum
1049 1241 1261 1324 antecedente,
1329 1259 1333 1266 ·

76 1343 161 1426 quod
182 1357 219 1406 ea
239 1342 278 1404 de
299 1336 392 1404 rause
414 1325 555 1420 magnum
568 1344 652 1420 erat,
676 1339 748 1424 qula
761 1339 791 1402 ln
807 1336 925 1406 Pascha
939 1333 1052 1408 incidit.
1095 1343 1174 1407 Vide
1187 1343 1261 1409 lmc.

75 1443 199 1526 XXIII,
213 1441 292 1518 543·
305 1429 416 1506 Matri.
432 1443 564 1525 XXVII,
579 1441 650 1517 623
671 1441 732 1504 loa.
746 1441 819 1524 XX,
834 1439 888 1536 3¹:
917 1445 1084 1528 pomo-pia
1096 1446 1262 1527 σαββάτων

74 1547 196 1628 asyro
217 1551 277 1608 non
299 1545 395 1610 solnm
422 1535 488 1609 dies
510 1545 532 1608 l.
554 1545 742 1627 septimanae
764 1545 961 1630 intelligitur,
976 1545 1146 1630 scd-'patet
1169 1547 1258 1613 ctiam

75 1667 121 1712 ex
155 1651 298 1712 versione
334 1652 440 1714 nostra
475 1647 720 1711 rolltum‘luissc
751 1645 932 1726 Christianis
961 1649 1039 1712 diem
1069 1652 1195 1734 primum
1226 1654 1259 1718 ut
1384 1715 1386 1725 ,

75 1751 157 1814 diem
182 1753 358 1817 dominicam
382 1749 539 1818 celebrare
559 1747 593 1820 1,
612 1747 685 1814 Gor.
709 1749 773 1831 Xl,
797 1750 850 1814 20.
893 1753 990 1816 Porro
1014 1771 1070 1835 pro
1092 1751 1168 1818 liora
1191 1755 1259 1818 ter-

15 1869 18 1875 '
74 1855 139 1936 tie,
179 1859 290 1936 sexta,
323 1871 402 1918 nona
431 1851 532 1933 Syrus
562 1851 686 1920 scribit:
723 1856 789 1918 tres
814 1851 911 1943 horas
933 1859 1011 1936 etc,
1040 1855 1119 1920 unde
1139 1855 1260 1922 facilins

75 1958 296 2038 cognoscitur,
324 1956 477 2035 integrum
502 1954 589 2017 trium
610 1953 750 2016 horarum
771 1957 901 2038 spatium
924 1957 1066 2038 intelligi·
1111 1955 1177 2042 (De
1199 1976 1259 2022 nu-

73 2077 226 2123 merorum
250 2059 377 2140 syntaxi
399 2059 440 2122 cl.
465 2053 665 2144 Agrellium).
1087 2079 1090 2086 ¹

128 2245 130 2249 ,
185 2190 249 2254 ser
274 2184 553 2266 fructuosiorem
575 2190 607 2250 et
630 2187 788 2277 messim
805 2189 1012 2270 percipiuntur
1032 2165 1075 2280 ejx
1096 2187 1260 2274 opimiore

74 2281 246 2355 versionis
260 2293 412 2373 Syriacae
442 2291 480 2352 ad
508 2289 659 2362 vocabula
687 2289 810 2370 singula
840 2293 947 2354 textus
980 2291 1100 2355 Graeci.
1141 2289 1259 2356 lltenim

73 2399 108 2458 nt
131 2413 225 2476 supra
244 2378 534 2474 demonstravimns,
564 2389 790 2470 Evangelistae
810 2393 842 2454 et
863 2390 1008 2474 Apostoli
1029 2409 1125 2474 voces
1147 2375 1257 2472 melias

73 2501 107 2562 et
138 2497 318 2561 locutiones.
334 2495 459 2558 mutuati
488 2499 559 2570 sunt
589 2513 634 2557 ex
655 2493 760 2572 lingua
782 2493 960 2576 Aranaien,
979 2489 1081 2578 ‘quare
1101 2475 1257 2576 saepeduss

72 2619 163 2662 mero·
193 2599 281 2661 vocis
310 2600 341 2660 et
370 2587 533 2661 locutionis
562 2597 714 2661 cuiusdam
747 2597 837 2675 origo
873 2598 906 2660 et
934 2595 1117 2675 significatio
1145 2598 1258 2678 optimc

73 2703 277 2780 cognoscitur
307 2695 349 2763 ex
380 2701 524 2768 versione
545 2707 663 2764 nostra.
708 2699 758 2761 lix
782 2694 940 2764 Matthaec
962 2685 1128 2780 praecipue
1149 2715 1258 2762 exem-

72 2805 130 2887 pla
158 2823 341 2886 proponam,
377 2797 455 2864 unde
482 2803 513 2864 ni
543 2801 635 2875 fallor
661 2789 771 2884 cuique
800 2800 936 2882 patebit,
963 2799 1197 2878 Ilvangclistam
1221 2819 1260 2864 ea

72 2909 148 2989 ipsa
184 2907 301 2987 verba,
335 2924 413 2988 quae
440 2904 593 2968 Annaea
627 2921 646 2966 a
679 2903 813 2966 Domino·
837 2903 947 2965 nostro
986 2901 1165 2981 audiverat,
1200 2901 1261 2966 iidc

72 3011 243 3072 summast
265 3027 304 3072 ea
325 3011 391 3078 arie
411 3006 600 3084 reddidisse,
630 3007 663 3068 ut
683 3023 747 3068 vox
769 3003 889 3071 Graeca
908 3003 999 3086 plane
1020 3003 1172 3085 exprimi
1190 3002 1259 3084 sy·-

72 3112 187 3172 riacam
209 3128 266 3174 nce
286 3113 383 3174 tamen
407 3109 477 3190 ipsa
500 3127 518 3171 a
538 3107 714 3171 Graecitaie
733 3106 832 3170 aliena
849 3107 903 3170 sit.
947 3105 1024 3170 llrat
1045 3102 1164 3186 quidem
1179 3105 1262 3169 inter

72 3211 237 3274 dialectum
268 3212 429 3293 Syriacam
453 3209 713 3272 Palaestinensem
734 3211 767 3272 et
788 3225 854 3270 eam
874 3207 1001 3287 linguae
1025 3207 1167 3288 formam,
1198 3225 1259 3290 qua

71 3314 230 3394 interpres
255 3317 359 3376 noster
391 3331 465 3375 usus
492 3315 560 3392 est,
600 3310 786 3384 diiierentia3
805 3311 878 3386 sed
901 3328 961 3372 non
983 3309 1080 3372 solum
1103 3321 1203 3372 sermo
1226 3311 1260 3374 ei

72 3413 196 3477 dicendi
218 3433 319 3493 genus
340 3415 369 3476 in
390 3414 534 3488 versione
557 3417 662 3477 nostra
682 3431 768 3496 qnam
789 3412 930 3493 proxime
948 3411 1068 3476 accedit
1090 3409 1128 3472 ad
1149 3409 1259 3470 liven-

71 3515 227 3596 geliornm
258 3517 385 3597 idioma,
424 3517 495 3600 qnia
525 3519 574 3580 est
602 3515 752 3597 simplex,
779 3513 917 3594 planum,
945 3514 1112 3591 vegetum,
1138 3507 1261 3589 plenum

72 3619 238 3696 sanguinis
262 3622 295 3682 et
316 3636 498 3700 nervorum,
531 3617 569 3680 ah
591 3617 733 3680 idiomate
752 3613 894 3696 populari
918 3613 951 3673 et
971 3598 1159 3692 proverbiali
1180 3607 1262 3673 land

72 3719 225 3802 alienum,
247 3720 416 3786 sedetiam
441 3738 479 3782 ec
501 3734 716 3800 maxumopere
737 3713 904 3778 laudandus
927 3713 976 3774 est
990 3711 1160 3791 interpres,
1180 3709 1261 3792 qnod

72 3815 240 3884 verborum
280 3824 451 3902 notionem,
489 3820 549 3882 vim
586 3803 620 3882 et'
650 3815 813 3882 efficaciam
848 3811 1018 3877 rectissime
1050 3811 1191 3894 percepit
1230 3811 1263 3872 et

171 3998 185 4008 rI

78 4019 287 4034 ——nnnn—

74 4164 136 4221 mr.
159 4165 251 4236 xvir,
279 4177 320 4225 17.
342 4151 545 4243 amonis]
565 4208 572 4224 .
594 4207 601 4222 .
622 4208 628 4223 .
649 4136 1095 4242 innmcssdspmmsopm
1114 4179 1147 4200 -
1165 4155 1263 4228 spreu-

78 4282 137 4321 ros.
156 4294 192 4308 -
226 4267 257 4322 ln
283 4273 356 4322 texto
383 4269 455 4324 edito
481 4269 597 4325 Nomina
619 4271 731 4339 proprie
749 4267 889 4322 vocalibus
914 4269 953 4320 ita
976 4267 1108 4320 instructa
1131 4264 1208 4324 sunt,
1235 4262 1264 4310 nt
1311 4331 1318 4339 ,

77 4351 115 4405 ad
132 4352 247 4408 inrmam
267 4350 397 4408 Graecam
415 4357 527 4425 propios
548 4353 685 4408 accedant.

938 4432 1012 4496 20*
