2974 5012
1224 281 1268 346 57

85 469 240 516 manorum
264 447 372 510 bostis.
417 431 491 508 biom
519 447 629 510 Lucius
659 442 759 520 Verus
788 467 816 510 a.
843 445 906 512 165
930 451 959 510 in
983 449 1108 514 οιιιοιοοι
1130 453 1269 532 redege-

86 559 156 634 rat,
182 571 265 635 quum
288 553 384 619 duces
406 551 472 628 eius
492 549 587 613 Prisc.
603 549 701 614 aluid.
725 550 853 615 Cassius
875 556 908 614 et
929 551 1061 615 Martius
1086 554 1186 616 Verus
1205 557 1270 618 Ba·

91 657 250 738 bylonem,
282 653 465 716 Amneniam‘
487 655 520 715 et
546 651 677 716 Mediam
700 655 902 718 vindicarent.
944 655 1106 718 Romanam
1130 658 1271 721 ditionem

91 762 262 838 ingressum
292 757 402 818 iterum
433 753 623 834 Volo‘gesem
652 753 1143 844 (a.194.)Sererus.ooeruuit,
1172 765 1272 842 captis

90 863 191 926 uuultis
215 861 356 954 urbibus
361 859 441 920 inter
464 873 541 938 quas
562 857 686 920 Nisibis.
712 859 847 920 'Deinde
869 860 906 920 ab
922 859 1101 924 Artaxerxe
1116 863 1271 926 Persicum

92 965 247 1044 imperium
278 963 485 1022 restauratum
504 963 570 1040 ests
603 963 684 1043 quod
705 963 937 1024 Sassanldarum
961 968 1074 1026 vocant
1090 962 1130 1047 1).
1172 966 1272 1029 Arta·
1385 997 1389 1004 ·

97 1066 206 1126 xerxis
234 1081 401 1126 successor
420 1053 593 1144 Sapores,
627 1054 760 1126 iniansti'
779 1037 931 1126 'Nominis
964 1067 1107 1146 cornicis,
1144 1069 1272 1149 Nisibin,

101 1166 261 1230 Carrhas
251 1185 407 1246 ipsamque
411 1157 617 1230 Autlocbiam
637 1167 724 1252 oepit
741 1163 891 1248 diruitque
909 1151 941 1228 et
961 1168 1081 1232 biennio
1101 1171 1172 1250 post
1188 1169 1274 1234 (lae-

98 1287 196 1334 sarem
217 1269 314 1349 i'ps'um
335 1267 525 1331 Valerianum
547 1270 702 1361 captivum
722 1269 860 1330 abduxit.
905 1269 986 1332 Urbe
1007 1271 1104 1334 Rasna
1122 1274 1214 1337 bello
1221 1274 1274 1335 ci-

98 1373 150 1435 vili
176 1375 239 1435 tum
261 1372 412 1452 lacerata,
443 1372 601 1435 Odenatus
625 1351 870 1476 Pialmpreuoruin
893 1389 951 1432 rex
972 1373 1121 1452 Saporem
1144 1352 1174 1434 ln
1194 1375 1275 1434 Per-

89 1471 196 1536 'sidem
219 1473 320 1536 redire
342 1475 456 1551 coegit.
501 1474 565 1538 Sed
596 1491 680 1536 nova
700 1449 781 1584 bella
810 1457 957 1554 parentes
977 1475 1090 1536 Persas
1105 1477 1147 1538 οι
1169 1477 1275 1538 iterum

100 1579 266 1657 iterumque
294 1559 492 1656 irrumpentes
517 1576 720 1660 debellarunt
700 1551 855 1666 'postem
883 1587 974 1655 quum
995 1550 1120 1638 Narseo
1132 1573 1194 1641 tilis
1214 1579 1275 1639 inl-

98 1681 261 1760 peraret,
260 1674 368 1754 (larus
389 1681 422 1752 et
442 1643 640 1750 Numerianus
659 1675 705 1762 (a.
729 1674 844 1759 ⁹825]
864 1680 963 1757 eapte
984 1677 1128 1742 Seleucia
1147 1684 1181 1746 et
1195 1678 1276 1766 Ote-

46 1847 48 1852 ,
99 1779 239 1862 sipbonte
254 1781 352 1861 utque
368 1779 592 1862 Mesopotamia
616 1785 682 1848 tota
701 1777 887 1852 exturbatae
916 1781 1004 1842 iidem
1018 1783 1056 1842 -ιιι
1075 1761 1276 1865 dilaniationes,

98 1884 224 1946 Deeii'
215 1901 272 1943 uam
302 1883 488 1962 temporibus
516 1887 604 1947 etiam
632 1885 728 1946 illis
719 1901 749 1943 m
781 1881 962 1975 regionibus
989 1881 1140 1964 vexatos,
1178 1897 1276 1949 uorem

99 1986 344 2068 persecutionem
385 1989 613 2049 converterunt.
670 1987 760 2048 Post
785 1981 856 2046 Cari
893 1984 1027 2046 obitum.
1036 1981 1155 2048 Persa'o
1192 2000 1278 2069 quam

100 2088 373 2168 Mesopotamiam
389 2075 640 2168 recuperassent,
679 2105 698 2148 a
727 2085 918 2178 Diocletiaqo
953 2077 1054 2168 (284)
1090 2091 1124 2148 et
1156 2087 1279 2164 Galerio

100 2187 201 2273 (297)
230 2189 346 2251 devieti
371 2194 441 2254 sunt
470 2191 745 2296 etMesopotamla
775 2206 832 2269 por
859 2165 1064 2278 quadraginta
1092 2180 1192 2250 andos
1212 2189 1281 2253 Ro-

105 2295 199 2353 manis
238 2293 403 2372 permansit
446 2292 484 2354 ad
520 2311 625 2358 annum
649 2275 762 2374 ,usquie
795 2283 930 2364 (lbristi
946 2287 1027 2368 337,
1071 2301 1154 2372 quo
1166 2293 1281 2356 Persae

106 2396 206 2456 iraeto
241 2393 366 2455 loedere
396 2377 646 2474 Mesopotamiam
681 2395 782 2456 denuo·
815 2395 950 2472 ingressi
975 2393 1092 2456 Nisibin
1126 2379 1282 2458 obsidione

102 2498 274 2560 eluxerunt.

209 2595 240 2690 lu
270 2629 354 2692 tanta
377 2647 476 2690 rerum
499 2629 631 2692 civilium
653 2633 862 2694 vicissitudine
885 2633 920 2693 et
937 2589 1164 2719 perturbatione
1186 2645 1284 2710 neque

108 2729 260 2792 eeclesiae
286 2735 385 2794 status
413 2737 540 2812 pacatus
566 2737 633 2812 ipit.
678 2735 813 2797 Romano
835 2731 1061 2812 Martyrologio
1034 2727 1196 2813 roland.
1218 2733 1282 2793 lan.

108 2831 219 2918 XXlX
248 2839 287 2896 et
308 2833 416 2914 XXX)
443 2837 470 2896 si
496 2836 583 2898 iidem
601 2831 766 2918 labamus,
793 2837 916 2899 Traiani
938 2837 1074 2914 tempore
1091 2833 1286 2894 Barsimaeus

108 2935 269 2998 eeclesiam
292 2936 476 2998 Edessenam
496 2915 700 3019 gubernavit,
732 2937 782 3019 qui
805 2937 966 3025 postquam
989 2931 1124 3010 gentiles
1144 2931 1287 3014 plurimos

110 3039 150 3098 ad
173 3037 261 3098 iidem
283 3039 543 3126 convertit„ipse
568 3033 682 3100 demum
704 3035 849 3120 martyrio
872 3057 937 3099 eam
961 3027 1148 3120 obsignarit.
1191 3021 1288 3096 Panlo

111 3141 187 3221 post
210 3138 357 3216 Abgarus
381 3141 482 3202 Maani
505 3141 582 3202 lilius
607 3142 788 3220 religionem
811 3138 1010 3205 Christianam
1036 3137 1193 3210 confessus
1217 3155 1288 3198 esse

112 3242 246 3303 videtur.
290 3241 326 3302 m
349 3243 505 3304 familiaris
528 3243 585 3332 fuit
600 3239 811 3324 bardesanes,
835 3244 872 3304 de
899 3263 958 3326 quo
968 3241 1053 3303 baec
1076 3239 1169 3304 babet
1156 3237 1290 3302 tMoses

115 3342 209 3408 Οιιοι.
239 3341 278 3425 [l.
307 3341 337 3403 ll
366 3363 393 3406 e.
415 3341 503 3427 63.]:
532 3324 751 3424 „bardesanes
774 3347 970 3432 Edessenus,
997 3344 1187 3406 historiarum
1210 3343 1290 3404 sori-

41 3485 45 3490 ·
113 3449 204 3527 pter,
233 3429 461 3510 Valentinianae
487 3449 600 3508 sectae
611 3449 705 3534 primo
733 3449 916 3528 discipulus,
942 3467 1028 3527 quam
1051 3451 1162 3544 postea
1185 3438 1293 3505 reiecit

113 3569 151 3612 ac
178 3549 309 3626 refellit,
345 3566 443 3629 neque
473 3553 572 3618 tamen
603 3551 641 3611 ad
671 3543 833 3612 veritatem
861 3568 896 3609 sc
927 3537 1089 3626 adiunxit,
1110 3547 1166 3612 sed
1195 3527 1232 3608 ab
1255 3563 1299 3610 ea.

114 3654 202 3714 secta
230 3650 382 3712 decedens
409 3651 534 3712 aliam
525 3669 593 3732 rpse
616 3651 756 3714 haeresin
778 3651 916 3712 instituit.
960 3647 1014 3708 Vir
1037 3652 1104 3709 erat
1126 3627 1294 3706 litterarum

12 3743 15 3822 s
116 3771 252 3833 gnarus,
289 3753 339 3834 qui
377 3754 468 3814 etiam
505 3755 543 3814 ad
568 3749 736 3814 Antonium
773 3749 951 3836 epistolam
962 3741 1095 3810 scribere
1122 3765 1214 3807 ausus
1247 3749 1296 3807 est

105 3852 291 3935 'multosque
320 3871 477 3917 sermones
506 3857 612 3917 contra
632 3853 839 3953 Marcionitas·
857 3856 947 3934 atque
980 3847 1203 3914 simulacrorum
1227 3849 1296 3913 oul-

119 3959 182 4018 tum
198 3957 423 4039 ·composuit.“
475 3957 562 4035 lingo
598 3958 670 4036 post
696 3956 784 4018 iidem
810 3975 883 4017 mox
912 3953 1122 4018 Gnosticorum
1151 3952 1298 4014 haereses

120 4059 259 4160 invectae
289 4061 360 4121 suut
388 4059 478 4122 etiam
508 4060 536 4120 iu
567 4058 828 4164 Mesopotamiam.
879 4056 943 4120 Sed
965 4057 1025 4166 alia
1047 4074 1145 4140 eaque
1170 4055 1299 4134 gravior

126 4225 327 4238 ..-..--—-·

228 4339 257 4408 ι)
278 4337 318 4394 ιιι
336 4342 439 4396 calculo
459 4343 587 4412 Syrorum
605 4357 671 4396 aera
689 4323 830 4396 Persarum
847 4339 919 4396 cadit
936 4343 963 4394 in
981 4353 1006 4392 e·
1027 4345 1088 4394 227.
