2974 5012
229 326 253 394 a

224 491 383 584 'publicam
403 497 593 574 coaluerint3
626 515 693 560 nam
713 497 799 558 nimis
820 493 966 560 distracta
990 500 1040 558 est
1058 495 1110 556 illa
1135 499 1282 557 terrarum
1301 492 1413 574 plaga,

225 603 400 668 'interclusa
421 606 453 667 et
473 601 628 686 Euphrate
651 602 682 663 et
703 598 878 662 Antilibano
901 603 933 662 et
955 597 1089 661 deserto.
1133 595 1180 659 Ita
1202 613 1278 659 vero
1300 597 1413 658 lactum

226 709 303 786 est,
336 709 369 766 ut
396 705 487 769 facile
516 705 554 768 ab
582 701 723 782 Assyriis
741 701 982 763 'subiicerentum
1043 700 1089 788 Illi
1107 701 1186 794 ¹enim
1208 715 1292 761 saec.
1312 697 1358 760 IX
1382 704 1415 762 et

238 805 312 869 VIII
338 811 432 870 totam
459 809 525 869 fere
555 805 659 869 Asiam
680 805 883 884 devorarunt,
912 805 954 866 ita
974 807 1008 866 ut
1039 820 1080 863 ex
1107 803 1158 864 illo
1182 808 1320 884 tempore
1339 801 1415 883 plu-

237 909 319 987 rimis
350 911 456 990 regnis
482 903 609 970 sublatis
630 907 811 991 populisque
833 926 874 968 ex
895 907 959 966 suis
981 906 1106 966 sedibus
1123 906 1152 965 in
1176 909 1309 968 remotas
1333 908 1416 967 vasti

162 1039 165 1046 ⁴
230 1001 355 1094 'Imperii
387 1011 563 1094 provlnoias
593 1010 748 1091 deductis,
787 1009 998 1090 Assyriorum
1021 1025 1128 1070 nomen
1153 993 1271 1071 'terram
1300 1027 1415 1069 omnem
1468 1034 1469 1042 ι

229 1113 413 1198 obtexerit,
446 1134 522 1198 quae
551 1132 592 1175 ex
622 1113 718 1176 Asiae
740 1113 890 1174 interloris
913 1128 1039 1174 recessu
1064 1111 1101 1172 ad
1122 1127 1203 1172 mare
1228 1128 1324 1193 usqne
1346 1129 1416 1172 me-

240 1215 442 1279 diterraneum
460 1217 523 1279 late
542 1217 697 1298 longeque
723 1214 924 1296 protendItulr.
984 1213 1198 1276 Aramaeorum
1227 1213 1322 1294 ipsum
1353 1233 1414 1275 no-

237 1315 307 1382 'men
328 1315 424 1383 cessit
442 1315 595 1398 Assyriis.
639 1315 981 1398 comprehendebantur
1002 1318 1200 1380 enimterrae
1221 1336 1323 1378 omnes
1346 1315 1415 1378 As-

239 1421 387 1501 syriorum
409 1421 536 1502 Imperio
563 1418 703 1482 sudetae
732 1411 855 1481 nomine
872 1423 975 1498 nuth,
1006 1419 1035 1481 id
1057 1418 1136 1502 quod
1158 1438 1199 1481 ex
1219 1419 1296 1481 loeis
1317 1419 1352 1481 S.
1374 1419 1415 1480 S.
1469 1400 1470 1446 ³

238 1521 329 1585 facile
364 1523 571 1600 cognoscitur.
620 1518 670 1584 CI.
699 1521 760 1582 Ies.
790 1519 838 1600 X,
867 1518 908 1594 93
948 1521 1014 1602 XI,
1046 1521 1104 1595 lI;
1151 1519 1323 1601 XXXVII,
1354 1519 1418 1596 123
1469 1557 1470 1560 ι

234 1621 269 1686 II
286 1623 371 1702 Reg.
399 1621 506 1703 XVII,
534 1621 578 1684 24
600 1619 642 1705 ¹).
696 1620 834 1710 Obtinuit
854 1625 942 1686 etiam
964 1624 1129 1704 posteriori
1154 1627 1290 1703 tempore
1309 1643 1419 1686 nomen

240 1722 413 1806 Assyrlae3
459 1725 529 1787 Iisr.
558 1721 620 1803 VI,
652 1723 694 1786 22
733 1725 846 1787 Darius
877 1729 1006 1788 vocatur
1037 1729 1121 1790 anuh
1151 1724 1212 1816 'pin
1240 1728 1271 1786 et
1300 1725 1418 1788 Plinius
1470 1768 1471 1784 ι

241 1823 280 1910 [l.
299 1827 393 1908 XIX,
427 1825 483 1911 19)
519 1825 633 1907 Cyrum
662 1827 814 1907 Assyriae
836 1847 943 1906 regem
965 1829 1049 1892 dicit.
1093 1829 1290 1908 Assyriorum
1315 1833 1416 1890 autem

241 1948 348 1992 nomen
378 1949 506 2012 prorsus
538 1930 615 1991 idem
648 1948 721 1990 osse
753 1949 788 1992 uc
822 1949 928 1992 nomen
969 1933 1134 2012 Syrorum,
1182 1949 1223 1991 cx
1257 1932 1420 1994 innumeris

242 2031 392 2114 exemplis
415 2031 538 2116 probari
556 2035 680 2114 potest,
712 2050 807 2114 quare
829 2035 885 2093 lam
905 2035 1004 2095 nullus
1027 2033 1131 2096 dubito
1154 2031 1310 2096 Herodoto
1331 2035 1420 2096 iidem

242 2131 358 2197 habere
383 2135 558 2214 allirmanti,
591 2151 699 2196 nomen
728 2133 875 2213 Syrorum
904 2137 1068 2198 mutilatum
1090 2153 1161 2197 esse
1192 2153 1233 2196 ex
1261 2137 1420 2216 Assyriis.

243 2235 337 2315 Apud
365 2236 583 2316 Aristotelem,
622 2239 655 2299 ut
682 2255 781 2316 pauca
804 2237 948 2319 quaedam
972 2241 1143 2319 proferam,
1174 2239 1289 2316 legitur
1310 2235 1423 2303 Μεαο·

243 2342 384 2418 ποταμία
404 2343 458 2416 τῆς
477 2326 613 2422 Συρίαις
644 2339 673 2399 in
693 2339 788 2418 Syria
813 2357 933 2418 angues
957 2358 1029 2402 esse
1054 2343 1135 2404 cirea
1155 2340 1317 2422 Iinphratis
1336 2343 1424 2422 ripas

244 2445 389 2505 memorat
408 2441 539 2522 Plinius,
574 2441 671 2502 Ninus
693 2426 871 2522 metropoIIs
892 2443 1006 2522 Syriae
1027 2447 1158 2507 vocatur
1184 2443 1261 2526 apud
1285 2445 1423 2505 Strabo-

243 2560 310 2612 nem
335 2539 385 2628 2),
419 2545 479 2626 ipsi
506 2542 711 2624 Cappadoces
740 2541 910 2625 Leucosyri
938 2545 1131 2626 appellantur
1156 2542 1194 2603 ab
1225 2544 1355 2625 antiquis
1376 2542 1424 2628 ³).

244 2645 365 2709 Nullam
386 2648 452 2709 lere
476 2646 564 2708 huius
584 2648 629 2709 rel
652 2645 866 2711 dubitationem
888 2629 1058 2729 relinquunt
1080 2645 1243 2708 Strabonis
1267 2645 1343 2726 loci,
1372 2653 1426 2730 qui

247 2745 270 2809 l.
291 2745 321 2810 II
337 2749 460 2812 scribit:
485 2747 631 2829 „ltlagna
647 2747 750 2810 bledla
767 2751 915 2832 quondam
934 2750 1097 2831 imperavit
1112 2749 1168 2811 toti
1182 2747 1297 2829 Asiae,
1326 2773 1427 2814 κατα-

244 2844 366 2915 λύσασα
389 2845 443 2928 τήν
464 2853 524 2915 τῶν
541 2848 653 2934 Σύρων
672 2845 812 2933 ἅρχῆν“,
839 2854 871 2914 et
888 2851 909 2912 l.
924 2849 1028 2913 XVI.:
1051 2851 1138 2936 „Qui
1157 2869 1250 2932 porro
1265 2852 1302 2912 de
1317 2853 1427 2932 Syro-

244 2971 308 3015 rum
332 2954 458 3035 lmperio
479 2953 630 3032 scribunt,
661 2971 749 3036 quum
775 2953 876 3016 dicunt
897 2953 1006 3016 ltledos
1027 2955 1146 3037 quidem
1168 2971 1186 3016 a
1206 2955 1329 3036 Persis,
1355 2957 1429 3036 Sy-

245 3071 299 3116 ros
328 3073 405 3118 vero
434 3073 454 3119 a
483 3055 585 3118 Illedls
611 3073 760 3135 eversos,
796 3075 855 3118 non
885 3057 964 3120 alios
992 3057 1092 3138 Syros
1121 3057 1313 3137 intelligunt,
1347 3053 1429 3122 data

250 3149 324 3230 τούς
355 3143 389 3220 Ia
424 3159 590 3240 Βαβυλῶνι
623 3162 676 3221 καὶ
705 3163 797 3243 Νίνῳ
828 3165 1135 3241 κατασκευασμὲνοιις
1164 3155 1200 3223 ui
1228 3162 1431 3236 βασίλειον.“

249 3253 308 3320 cur
329 3260 480 3324 consentit
499 3259 720 3341 Hieronymus,
750 3260 788 3322 ad
808 3261 863 3322 bls.
881 3259 970 3322 XIX.
992 3261 1037 3322 slc
1052 3261 1207 3322 scribens:
1234 3256 1347 3340 „Quos
1362 3277 1431 3321 ve-

249 3361 334 3423 teres
353 3359 521 3442 Assyrlos,
552 3381 630 3426 nnnc
650 3381 707 3424 nos
730 3379 875 3424 vocamus
897 3361 1026 3439 Syrios,
1049 3381 1067 3423 a
1088 3363 1175 3440 parte
1193 3360 1287 3419 totum
1311 3363 1430 3441 appel-

249 3461 349 3524 lantes
359 3455 429 3546 ⁴)“.
471 3464 585 3529 Plinius
600 3470 699 3531 autem
714 3463 827 3546 Syriae
841 3463 917 3529 lines
934 3464 976 3524 ita
990 3461 1145 3540 describil,
1168 3453 1239 3541 IV,
1255 3447 1312 3524 1'3:
1335 3463 1432 3544 „Sy-

251 3599 453 3614 mn—

354 3682 387 3750 1)
409 3681 451 3740 el.
471 3685 590 3741 Tuelrm
607 3685 641 3741 de
658 3683 729 3739 Nino
747 3685 813 3738 urbe
832 3701 859 3755 p.
881 3687 923 3740 14.

354 3782 387 3849 2)
410 3782 474 3838 lust.
500 3783 567 3838 llist.
594 3784 624 3848 l,
642 3791 668 3839 2.
705 3783 804 3836 Strabo
828 3784 845 3836 l.
864 3781 925 3836 XVI
951 3782 985 3836 ab
1010 3784 1098 3836 inilio.
1134 3781 1213 3837 Diod.
1240 3781 1292 3834 Sic.
1317 3778 1433 3850 ll,13;

251 3863 327 3933 XIX,
346 3869 388 3924 23.
425 3867 515 3937 steph.
533 3868 596 3937 Byz.
617 3865 721 3936 Σύροι,
745 3865 855 3920 πολλῶν
871 3864 960 3934 ὄνομα
976 3865 1078 3920 ἐθνῶν.
1195 3906 1198 3926 ,

354 3965 386 4033 3)
405 3963 503 4020 llerod.
517 3963 537 4030 1,
550 3971 599 4029 723
619 3961 652 4028 V,
665 3964 714 4027 493
733 3959 791 4029 llll,
805 3963 848 4021 72.
877 3964 982 4018 Ctesias
996 3963 1139 4017 secundum
1154 3962 1313 4016 Strabonem
1327 3962 1399 4029 xvi,
1416 3975 1433 4020 2

253 4049 363 4119 scripsit
379 4048 415 4102 vd
433 4046 618 4118 Ἀσσιριαιιιὶ,
642 4047 689 4101 uhi
709 4051 738 4101 in
759 4045 821 4103 aliis
846 4049 922 4103 codd.
944 4050 1044 4119 legItur
1064 4045 1199 4116 Σαριακιὶ.
1233 4047 1263 4100 In
1284 4047 1433 4104 Ptolomaei

252 4135 347 4189 tabule
364 4121 492 4187 Chaldaei
510 4147 590 4201 reges
610 4132 733 4187 dicuntur
750 4133 863 4206 Assyrii,
882 4133 1053 4194 llerodotus
1072 4133 1172 4204 ubique
1192 4132 1357 4204 Babylonios
1379 4133 1433 4188 As·

254 4221 336 4292 syriis
356 4216 521 4271 adnumerat.
556 4215 768 4275 Nebucadnezar
785 4219 861 4276 Diod.
881 4221 902 4287 l,
921 4228 955 4277 10
971 4222 1095 4290 princeps
1114 4217 1197 4289 Syrus
1215 4220 1322 4274 dieitur.
1345 4263 1352 4274 .

356 4314 390 4381 A)
413 4311 609 4372 Freinshemius
631 4322 658 4374 ln
676 4321 748 4374 notis
767 4317 883 4375 adluat.
902 4320 919 4374 l.
938 4319 950 4373 l
976 4324 1032 4374 c.2
1059 4317 1209 4389 „Assyrios
1228 4319 1319 4373 dixere
1337 4315 1433 4386 Syros,

256 4400 426 4454 decertantes
445 4403 558 4471 primam
576 4405 721 4475 syllabam,
746 4409 774 4457 m
789 4420 822 4460 ex
835 4403 966 4476 lllspania
979 4405 1008 4458 lit
1021 4403 1149 4474 Spania.“
1186 4401 1332 4473 llupleldns
1347 4397 1434 4455 Grae-
