2974 5012
219 289 264 355 6⁰

322 461 455 526 Saeculo
483 464 591 542 qnarto
618 459 860 541 Mesopotamiae
894 461 1060 542 episcopos
1089 461 1226 541 Synodls
1251 462 1409 524 Interesse

221 563 376 643 videmus,
399 581 477 643 quae
493 563 645 642 Nicaeae,
671 561 863 625 Adtloohiae·
873 565 905 624 et
919 561 1185 644 Constantinopoli
1201 563 1407 628 habebantur.

222 665 358 730 Concilio
388 668 421 727 et
443 664 577 727 Nicaeno
605 668 637 728 et
657 663 849 728 Antiocheno
880 665 976 728 adluit
999 664 1328 756 lacobus-Nisibenus,
1353 667 1406 728 vir

220 769 324 838 lamae,
354 783 499 858 magnae·
512 767 658 847 iideique'
673 766 862 830 orthodoxae
890 771 1103 847 propugnator
1132 769 1313 844 acerrimus,
1350 769 1405 848 qui

219 871 338 933 Nisibin
362 872 473 950 postea
497 887 517 930 a
537 867 659 948 Sapore
689 870 846 934 obsessam
872 869 1014 949 precihus
1035 870 1186 934 liberasse
1208 869 1318 932 dieitur
1343 867 1405 951 (ci.

219 969 446 1038 Theodoretum
477 973 510 1044 et
537 965 804 1052 Philostorgium).
836 971 1103 1054 ¹ldem‚lauda‚tnr
1132 973 1218 1034 iater-
1238 989 1311 1051 eos,
1347 973 1403 1054 qui

222 1071 421 1137 Constantino
437 1077 469 1135 et
485 1070 665 1136 Co’nstantlo
678 1073 873 1136 iuvitantibus
891 1073 1107 1154 Hierosolyma
1122 1071 1167 1156 (a.
1182 1071 1263 1164 337)
1281 1076 1314 1136 et
1326 1072 1402 1138 An-

221 1169 361 1238 tiochia'm
387 1171 432 1256 (a.
457 1172 538 1255 341)
560 1173 597 1234 ad
618 1173 828 1250 inauguranda
852 1175 964 1255 templa
982 1193 1021 1240 se
1042 1167 1233 1240 contulerint.
1277 1175 1403 1238 Eias'et

220 1273 390 1340 Alexandri
411 1275 738 1357 constantinopolitam
762 1267 928 1340 coniunctis
942 1266 1094 1357 'precihus
1111 1277 1180 1340 Arii
1197 1277 1290 1340 diram
1314 1294 1402 1338 rnor-

220 1383 280 1442 tem
305 1376 422 1456 olleo,
441 1361 635 1460 impetratam·
650 1371 795 1442 scribunt.
839 1379 967 1458 Synodo
990 1383 1090 1444 autem
1113 1378 1399 1460 Constantinopoli-

223 1484 313 1544 tanae
334 1463 433 1563 [381]
457 1473 667 1561 subscripsere
700 1465 845 1560 cpis'oopt
864 1481 1020 1562 Edessae,
1051 1483 1231 1563 Batnarum,
1254 1478 1399 1556 'Carrha-

219 1603 303 1664 rum,
336 1583 482 1663 Amidae,
517 1583 639 1645 aliarum
674 1563 917 1663 Mesopotamiae
954 1585 1079 1646 urbiam.
1130 1583 1272 1648 hicclesia
1289 1583 1400 1661 igitur

220 1684 399 1758 Orientalis·
413 1683 465 1746 illa
492 1685 594 1747 ietate
621 1702 687 1746 eum
710 1671 908 1748 Graecorum*
922 1687 1054 1750 ecclesia
1077 1673 1245 1753 arctissime
1266 1684 1396 1762 conlun-

218 1789 269 1848 eta
288 1773 367 1846 crat.

539 2127 541 2132 Ι
728 2039 892 2136 Gnrqlll.

225 2148 303 2238 ⁴De
327 2176 492 2257 origine
515 2138 728 2248 versionis
751 2173 956 2258 Syriacae
978 2171 1156 2238 traditio
1177 2151 1369 2262 Syrorum

492 2290 663 2373 eiusque
686 2300 812 2355 testes
835 2281 1173 2374 antiquissimi.

325 2435 484 2502 bleolesiae
509 2440 650 2531 conditae
681 2442 750 2500 sunt
779 2439 1004 2529 praedicatione
1026 2439 1113 2500 verbi
1135 2439 1236 2499 diuini.
1278 2438 1399 2520 Ubique

220 2543 248 2602 in
272 2557 308 2602 ec
310 2526 412 2611 dle'siis
431 2541 614 2620 legebantur
631 2531 741 2624 illesos
763 2545 795 2602 et
816 2541 1007 2622 Prophetae',
1031 2540 1139 2622 quibus
1161 2541 1269 2605 deinde
1293 2541 1397 2603 addita

220 2645 290 2704 sunt
313 2643 485 2720 Evangelia
513 2647 545 2705 et
572 2634 791 2724 Apostolorum
814 2643 970 2724 lipislolae
986 2637 1026 2724 ¹)
1066 2639 1171 2705 Canon
1193 2641 1335 2704 librorum
1356 2641 1397 2704 V

220 2743 260 2804 T.
291 2745 328 2806 ah
351 2744 512 2826 Apostolis
542 2741 774 2825 proculdubio
765 2765 792 2806 rs
815 2747 882 2826 ipse
903 2747 1032 2810 traditus
1053 2747 1116 2822 est,
1145 2745 1195 2826 qni
1216 2743 1396 2806 ludaeorum

219 2846 511 2910 Palaestinensium'
522 2837 609 2921 erat3
644 2867 731 2929 quum
762 2865 836 2908 vero
864 2847 968 2910 versio
997 2845 1116 2909 Graeca
1147 2844 1234 2906 Lxx
1262 2845 1395 2925 interpp.

218 2951 247 3011 in
270 2951 460 3031 plurimorum
483 2970 539 3012 usu
553 2953 654 3028 esset,
676 2949 744 3010 libri
759 2949 926 3035 apocryphi
942 2949 1027 3010 simul
1037 2922 1157 3028 recepti
1173 2949 1250 3007 sunt.
1295 2947 1396 3008 Primo

219 3054 287 3112 iam
299 3021 614 3131 saeculoEvangelia
635 3057 667 3114 et
681 3053 837 3134 Epistolas
860 3071 945 3114 unum
969 3053 998 3113 in
1022 3065 1133 3131 eorpus
1156 3047 1285 3111 collecta
1298 3050 1397 3110 luisse

219 3172 279 3214 non
309 3155 359 3214 est
388 3153 468 3234 quod
489 3153 675 3229 dubitemus3
702 3155 882 3217 Antiochiae
904 3155 1090 3264 pqtissimum
1114 3150 1332 3231 Apostolorum
1353 3151 1397 3212 li-

218 3258 291 3317 bros
320 3254 441 3332 mallum
464 3253 619 3317 lectitatos
642 3257 673 3317 et
694 3257 912 3335 transscriptos
935 3253 1023 3334 esse,
1056 3253 1122 3332 quis
1144 3253 1265 3332 estqui
1285 3255 1397 3330 neget.

219 3355 293 3434 inde
325 3355 355 3416 in
386 3351 508 3434 Syriam
538 3358 713 3420 orientalem
743 3359 812 3418 libri
845 3357 925 3416 sa'cri
962 3371 1031 3416 una·
1058 3374 1122 3418 oum
1162 3353 1233 3414 iidei
1253 3354 1397 3432 proles-

219 3459 305 3520 sione
332 3456 418 3519 allati
448 3460 525 3533 sunl.
568 3450 736 3537 At'bero,
770 3445 861 3538 quae
879 3458 1059 3536 saepissime
1091 3473 1165 3516 esse
1190 3453 1271 3516 solet
1292 3456 1396 3533 origi-

219 3577 287 3619 num
302 3557 496 3638 obscuritas,
522 3559 627 3620 eadem
655 3563 705 3621 est
724 3559 873 3636 Syriacae
898 3547 1066 3621 versionis(
1102 3555 1286 3637 Versioqilla
1307 3557 1398 3618 cele-

218 3662 491 3744 berrlma,1quam
522 3661 595 3741 Syri
621 3659 853 3742 „Simplieem“
875 3665 1006 3742 vocant,
1034 3678 1094 3742 qua
1114 3657 1264 3742 hodieque
1285 3655 1398 3720 Maro-

224 3797 419 3820 -Ι--ιι-

221 3922 272 3978 que
285 3907 460 3961 ecclesiastici
476 3909 595 3970 rationes
610 3903 725 3975 lnSpria
736 3909 848 3975 primum
860 3905 992 3962 inv'crrtae.
1010 3904 1171 3958 Assemanua
1184 3920 1217 3958 ec
1229 3907 1335 3958 nomme
1343 3903 1398 3958 Pa

223 4003 274 4059 pae
288 3989 458 4059 Syriaearum
471 3991 621 4044 litterarum
635 3989 724 4050 studia
735 3990 942 4054 commendavit,
963 3988 1034 4060 quod
1046 3987 1181 4052 Romanae
1195 3973 1326 4042 eeclesiae
1340 3987 1398 4043 Ro-

220 4086 408 4145 maqarumque
425 4077 618 4128 institutionum
636 4061 782 4145 a'ntiquitas
802 4074 929 4145 Syrorum
946 4073 1092 4128 traditione
1109 4073 1247 4144 probetur

325 4171 355 4238 t)
374 4169 516 4240 Ephraemi
530 4171 597 4242 0pp.
613 4170 658 4226 Gr,
672 4171 705 4228 T.
719 4160 756 4226 ill
775 4191 801 4244 p.
820 4178 893 4232 106..
915 4215 931 4238 „
941 4171 1011 4227 Eoos
1020 4175 1089 4228 enim
1103 4187 1155 4241 per·
1168 4174 1310 4230 uniuersos
1330 4170 1399 4227 lines

221 4253 295 4307 orbis
312 4259 445 4312 terrarum
463 4255 554 4309 divina
572 4256 713 4327 Scriptura
729 4260 757 4310 in
776 4259 1029 4330 ecelesiisiegitur,
1049 4255 1120 4327 Lex,
1139 4254 1305 4328 Prophetae,
1322 4253 1399 4324 Apo·

219 4339 283 4392 stoli
299 4341 410 4408 ipseque
428 4341 613 4395 universorum
630 4340 786 4400 Dominaa.“
