2974 5012
177 271 182 282 '
229 267 273 334 46

234 461 288 504 sus
317 440 549 504 conveniuntin
572 436 700 521 utraque
722 437 872 515 dialecto,
900 455 998 528 'quare
1019 453 1116 520 neque
1140 437 1256 515 legitur
1278 438 1307 498 ln
1327 438 1421 500 Sim-

118 595 121 602 .
193 610 196 621 ,
234 546 313 628 plice
335 533 561 624 interpretatio,
589 559 667 622 quac
691 540 794 602 addita
818 541 867 600 est
886 540 917 604 in
941 543 1028 602 textu
1052 540 1170 602 Graeco
1187 537 1228 616 ¹).

338 644 508 725 Appellant
536 647 635 720 autem
666 661 731 704 eam
761 641 940 720 dialectum,
969 659 1027 723 qun
1043 641 1190 704 Peschito
1214 641 1330 720 scripta
1357 643 1419 720 est,

235 750 334 826 vulgo
363 725 578 826 Sjrlacam.
623 743 762 809 Concinit
792 741 879 806 boios
908 746 1060 806 versionis
1082 745 1231 808 dialectos
1254 764 1319 806 oum
1344 763 1418 804 ser-

235 848 554 929 moneplurimorum,
577 846 626 928 qni
647 850 757 926 postea
779 850 811 909 et
832 847 862 908 in
882 846 1106 927 Mesopotamia
1127 851 1159 910 et
1180 850 1210 910 in
1233 845 1419 926 coelesyria

182 968 185 974 ’
235 953 366 1031 Spriace
385 951 591 1029 scripserunt,
616 949 659 1010 ita
681 949 742 1010 nt
734 967 763 1008 ιιι
784 947 835 1009 illo
861 952 1005 1012 terrarum
1032 952 1131 1012 tractu
1148 949 1321 1032 Euphrates
1347 950 1418 1010 dia-

234 1053 332 1117 lectos
357 1069 520 1132 separasse
541 1069 599 1114 non
624 1050 764 1112 videatur
780 1044 823 1132 2.]

338 1149 458 1238 Quum·
466 1153 636 1236 antiquiora
665 1152 829 1214 litterarum
853 1156 1041 1216 monumenta
1063 1170 1105 1212 ex
1123 1107 1186 1213 illis
1204 1151 1315 1232 Syriae
1338 1172 1415 1234 pnr-

236 1241 317 1321 tibus
345 1249 404 1318 non
429 1256 604 1334 supersint,
631 1257 803 1316 versionem
832 1260 930 1316 antem
953 1259 1086 1316 nostram
1109 1251 1332 1324 celeberrimam
1357 1275 1417 1318 non

236 1359 330 1422 multo
357 1362 431 1438 post
458 1357 613 1422 lundatanr
633 1358 807 1435 ecclesiam
820 1355 1020 1420 Christianam
1050 1359 1157 1418 secuta
1183 1355 1250 1417 sit'
1241 1373 1352 1434 ingens
1374 1357 1415 1420 li-

235 1465 356 1542 brorum
379 1459 554 1538 multitudo,
581 1460 719 1537 origines
740 1459 862 1522 dialecti
876 1459 1025 1538 Syriacae
1045 1456 1136 1520 hac·
1127 1476 1195 1538 rpsa
1218 1458 1248 1518 in
1273 1461 1415 1522 versione

236 1565 340 1648 quaeri
362 1557 479 1640 solent,
507 1563 595 1642 quasi
618 1562 705 1622 simili
729 1563 817 1624 modo
842 1581 878 1623 ac
897 1560 1021 1646 bertheri
1043 1557 1146 1622 versIo
1169 1577 1270 1622 novae
1292 1561 1416 1626 littera-

236 1687 298 1730 rum
321 1663 531 1727 'consuetudini
551 1682 587 1726 ac
611 1660 725 1725 formae
750 1663 943 1737 fundamenta
971 1663 1089 1724 iecerit.
1132 1661 1220 1746 Quod
1242 1664 1337 1723 tamen
1363 1662 1416 1722 ni-

236 1769 322 1830 mium
351 1763 482 1833 videtur.
535 1765 651 1828 Etenim
681 1765 763 1827 nullo
796 1759 884 1827 modo
915 1755 1046 1828 dubitari
1075 1755 1206 1845 potest,=
1240 1757 1359 1826 multum
1384 1770 1417 1830 ct

119 1947 124 1956 ι
237 1871 353 1933 varium
384 1867 590 1947 fuisseapud
622 1853 790 1930 Aramaeos
820 1868 969 1948 apriscis
990 1867 1059 1928 inde
1083 1867 1268 1946 temporibus
1292 1867 1416 1930 littera-

237 1992 300 2035 rum
331 1948 425 2032 usum.
467 1968 528 2030 lam
555 1969 638 2048 lieg.
671 1969 718 2046 V,
748 1970 800 2032 ll.
831 1970 950 2031 litteras
982 1971 1101 2032 misisse
1130 1969 1239 2030 dicitur
1265 1987 1324 2030 rex
1346 1969 1415 2033 Da-

237 2075 331 2140 niesci
353 2072 390 2134 ad
414 2065 521 2148 regern
544 2070 764 2161 lsraelita'runn
802 2071 912 2134 Daniel
937 2080 1038 2136 :urbs
1063 2083 1126 2134 'nso
1145 2071 1286 2132 didicisse
1309 2072 1415 2134 fertur.

237 2178 347 2254 Reges
378 2171 597 2236 Chaldaeorum
637 2175 669 2234 et
689 2175 856 2242 ¹Persarum
893 2167 1018 2236 annales
1045 2173 1209 2235 historicos
1237 2171 1416 2235 'scribendos

238 2278 398 2354 curarunt,
439 2292 515 2354 qnos
538 2276 566 2334 in
589 2276 681 2336 rebus
704 2273 802 2336 dubiis
824 2277 930 2358 inquiri
953 2277 1074 2356 iubent,
1103 2294 1154 2337 rcs
1176 2275 1280 2337 varias
1300 2278 1334 2337 ct
1357 2295 1416 2337 an·

237 2381 338 2461 tiquas
366 2376 538 2458 amplexos.
583 2374 658 2455 Cyri
690 2377 797 2440 laudes
821 2379 921 2442 multis
943 2381 973 2440 in
995 2379 1081 2442 libris
1104 2381 1202 2440 luisse
1226 2377 1323 2440 dictas
1342 2377 1417 2440 Xe-

236 2474 658 2561 nophon'comorcmorat').
701 2479 777 2541 lllud
805 2499 879 2544 sane
913 2501 1035 2564 semper
1066 2481 1229 2544 tenendum
1260 2484 1326 2560 est,
1357 2500 1416 2544 uon

238 2582 364 2644 eundem
393 2579 489 2640 fuisse
515 2579 594 2659 apud
618 2579 790 2645 Orientales
813 2583 980 2659 litterarum
1014 2586 1218 2664 librorumque
1248 2601 1338 2647 usum,
1364 2588 1417 2646 at-

239 2703 298 2767 que
329 2683 408 2765 apud
441 2681 595 2762 Graecos,
632 2683 682 2764 qui
705 2683 817 2746 theatri
839 2681 946 2766 ludos‘,
979 2689 1131 2749 orationes
1155 2688 1183 2746 in
1206 2684 1273 2747 iord
1294 2687 1326 2746 et
1348 2685 1418 2746 dia-

135 2794 138 2802 ’
238 2777 331 2863 logos
353 2785 581 2848 inambulando
604 2783 723 2847 habitas
743 2805 917 2869 omnemque
939 2789 1160 2870 disciplinarum
1186 2789 1280 2847 artem
1302 2789 1335 2849 ct
1354 2805 1417 2849 ex-

237 2888 431 2969 plicationem
471 2887 583 2950 litteris
616 2889 811 2967 intendebant,
852 2909 945 2970 quare
976 2891 1157 2955 Graecorum
1189 2888 1276 2966 copia
1305 2889 1419 2952 collata

238 2989 432 3054 Orientalium
462 3009 599 3068 magnam
625 2989 767 3054 librorum
796 2993 925 3072 inopiam
953 2994 1082 3056 diceres.
1136 2991 1200 3054 Sed
1229 2990 1305 3052 satis
1334 2993 1419 3052 scri-

236 3091 335 3154 bendo
372 3091 524 3184 encnltam
555 3094 587 3153 et
616 3095 782 3165 exercitam
811 3095 908 3158 luisse
936 3096 1069 3175 linguam
1097 3095 1275 3168 Aramaeanr
1302 3092 1420 3157 intioias

238 3195 290 3255 lrc
310 3211 368 3252 non
400 3212 577 3273 possumne,
615 3196 750 3275 qruamvis
771 3195 894 3259 litterae
918 3201 1059 3282 antiquae
1082 3197 1119 3257 ad
1140 3215 1196 3256 nos
1216 3192 1314 3255 nullae
1338 3213 1419 3274 per-

238 3297 399 3374 venerint‚
440 3296 519 3376 qnod
552 3314 647 3358 nenio
662 3297 836 3377 mirabitur,
863 3300 913 3381 qni
937 3317 1099 3378 regnorum
1124 3299 1273 3361 interitum
1296 3311 1420 3357 rerum-

238 3461 436 3473 -ιι-οο--ι-ι-

344 3541 373 3608 1)
399 3537 548 3610 Alpheum,
570 3537 612 3622 dc
639 3541 748 3610 linguae
776 3541 903 3614 Syriacae
926 3561 975 3598 usu
995 3546 1021 3596 in
1040 3542 1072 3596 N.
1091 3543 1124 3597 T.
1159 3542 1240 3598 lenae
1259 3543 1333 3598 1704.
1353 3557 1422 3614 pag.

236 3628 279 3682 35·
297 3640 337 3696 Sq·

341 3725 373 3788 2)
397 3722 427 3776 ln
449 3726 601 3776 universum
626 3723 695 3778 bene
723 3725 755 3779 de
782 3707 904 3780 dialectis
924 3726 1031 3794 linguae
1049 3723 1197 3779 Aramaeae
1218 3725 1366 3780 Sauberlns
1387 3726 1422 3780 de

235 3807 304 3862 stud.
328 3807 395 3888 ling.
421 3806 501 3863 llehr.
526 3809 658 3864 utilitate:
683 3809 777 3880 „Syra
796 3811 889 3881 lingue
913 3811 940 3862 in
965 3817 1021 3864 tros
1046 3813 1132 3862 scissa
1156 3809 1300 3872 dialectos,
1326 3808 1420 3879 Baby-

237 3893 367 3955 ionicam,
392 3905 461 3960 quae
478 3896 637 3962 purissima,
658 3896 745 3949 altera
762 3895 1004 3966 llicrosolpunitane
1023 3893 1130 3948 Christo
1150 3895 1312 3970 uernacula,
1336 3898 1422 3948 tortia

235 3975 403 4033 Antiocheae
420 3972 480 4030 κατ’
496 3976 593 4052 dicaris
612 3978 682 4049 Syra
700 3979 798 4036 dicta.“

342 4076 373 4143 3)
393 4072 443 4135 Qui
472 4073 635 4132 Graecorum
662 4085 751 4133 aetate
774 4079 903 4134 historias
928 4081 1108 4148 scripserunt,
1125 4076 1298 4147 babylonii,
1330 4075 1420 4146 Tyrii,

158 4203 163 4210 .
237 4159 339 4226 Gnldil,
359 4160 451 4214 omnes
469 4159 592 4217 hausisse
611 4178 641 4217 se
659 4169 792 4218 testantur
809 4179 898 4218 rerum
915 4170 1053 4234 gestarum
1072 4164 1195 4216 notitiam
1213 4177 1246 4216 en
1263 4175 1421 4236 monumen—

235 4247 271 4298 tis
297 4248 423 4316 antiquis.
466 4245 574 4316 Scripta
593 4247 788 4318 Chaldaeorum
806 4254 833 4303 et
847 4247 1056 4320 Babyloniorum
1076 4247 1160 4302 luisse
1181 4247 1263 4301 multa
1281 4248 1423 4300 testis'est

214 4382 216 4386 ,
235 4326 367 4386 Eusebius
387 4347 493 4402 quoque
512 4331 609 4385 Chron.
628 4331 699 4386 Arm.
718 4346 747 4401 p:
765 4339 805 4392 18.
