3014 5008
196 325 259 392 164
315 365 320 374 ·

197 537 279 610 tunm
294 545 312 590 a
328 516 567 586 Bar-Hebraeo
584 519 737 584 dicuntur:
759 490 872 594 LX&
891 503 989 600 (.·-]
1007 514 1113 595 liloio',
1134 485 1261 588 isbaal
1283 504 1385 593 [·.—)

198 649 369 738 rectene,
399 641 491 745 tati!
517 653 604 740 (r-]
627 651 782 718 Sebevaio
805 657 837 716 et
857 620 991 728 tobim
1015 645 1101 732 [.-ι
1122 625 1274 742 l'osplpo.⁸
1299 645 1386 730 Quo-

198 803 263 846 rum
281 777 435 842 r'ationem
464 773 541 844 idem
564 775 608 836 ita
632 773 778 836 describit
793 768 839 856 ¹),
867 774 902 834 ut
923 769 1058 854 protasis
1080 768 1204 848 longior
1225 765 1385 830 claudatur

201 888 301 964 signo
315 877 483 957 Taobtoic,
510 875 661 938 dividatur
684 891 741 957 per
762 873 937 947 Sobevai03
966 871 1112 954 apudnsis
1134 874 1233 944 autem
1253 866 1384 929 claude-

202 983 250 1060 tur
276 982 399 1047 Posubo
429 965 461 1044 et
477 977 711 1042 distribuatur
722 977 907 1058 perdicio,
938 975 1059 1056 quoties
1082 973 1111 1036 id
1135 974 1237 1038 iubeat
1261 988 1383 1052 sensus.

202 1091 303 1178 Quare
333 1086 371 1150 ab
404 1085 488 1146 initio
518 1079 689 1144 sententiae
723 1077 761 1140 ad
789 1078 876 1142 iruern
907 1078 1002 1140 omnis
1026 1078 1170 1140 orationis
1194 1091 1385 1156 progressus

203 1191 392 1256 distribuitur
420 1190 453 1250 et
482 1184 669 1265 componitur
699 1182 822 1262 primum
843 1200 901 1264 per
923 1178 1077 1243 Scbevain
1100 1177 1144 1262 ι.)
1152 1195 1245 1272 puae
1268 1175 1387 1262 excipit

204 1281 419 1370 Taciturn(
422 1284 496 1370 -;]
525 1284 633 1348 deinde
661 1301 717 1366 per
747 1283 835 1380 plura
866 1279 1016 1366 lilolo(.·
1017 1279 1177 1366 ·—anae
1196 1276 1364 1362 sequitur
1354 1296 1386 1338 ιιι

86 1393 93 1398 ’
206 1399 262 1460 tine
297 1388 468 1456 sententiae
494 1387 635 1476 Posubo,
666 1391 809 1468 punctum
845 1399 951 1468 unum,
986 1385 1080 1449 cuius
1107 1374 1175 1470 lo'co
1206 1384 1256 1445 nbi
1287 1399 1385 1466 pausa

205 1501 298 1562 maior
321 1492 479 1558 indicanda
499 1493 566 1570 est,
597 1492 739 1570 quattuor
748 1493 925 1580 puncta-r·
951 1490 1101 1570 perduntur
1114 1481 1155 1572 ²).

307 1599 393 1662 Haec
430 1591 548 1674 quidem
586 1571 788 1670 interpunctio
825 1590 946 1668 logices
973 1590 1101 1668 regulas
1130 1589 1210 1650 bene
1239 1586 1387 1677 sequitur,

207 1719 299 1783 quare
332 1715 392 1759 non
419 1695 522 1754 mirum
553 1693 619 1768 est,
650 1692 728 1772 quod
752 1691 1009 1760 Bar-llebraens
1027 1678 1150 1770 'retert,
1184 1687 1320 1751 Graecos
1352 1691 1387 1749 et

205 1805 307 1884 Syros
331 1797 549 1862 Grammaticos
576 1795 655 1854 iuter
673 1813 715 1861 se
739 1791 895 1874 disputare
918 1793 956 1854 de
978 1785 1161 1872 accentuum,
1175 1785 1398 1874 (punctorum)

207 1904 392 1966 inventione.
435 1897 552 1960 litenim
592 1897 715 1958 eandem
743 1889 878 1979 ⁴prorsus
910 1897 1079 1958 sententiae
1110 1893 1235 1957 alienius
1263 1889 1385 1954 maioris

207 2001 433 2068 distribuendae
462 2000 606 2080 proponit
638 1999 794 2079 regulam,
837 1989 975 2061 Gr'eecos
1003 1995 1219 2086 grammaticos
1249 1998 1386 2076 secutus,

206 2107 341 2170 isidorus
363 2101 555 2183 Hispalensis
584 2099 669 2162 bisce
692 2103 796 2163 verbis
817 2083 949 2183 (Origgi
969 2099 1004 2180 i,
1028 2097 1112 2178 inp
1141 2097 1230 2178 „Ubi
1243 2098 1278 2182 *in
1302 2095 1386 2156 initio

207 2201 459 2291 pronuntiationis
488 2203 613 2264 necdum
645 2201 734 2282 plena
762 2221 834 2284 pars
855 2223 963 2266 sensns
986 2205 1036 2266 e'st
1058 2205 1089 2263 ct
1112 2205 1211 2264 tamen
1231 2199 1386 2280 respirare

208 2307 348 2392 oportet,
380 2307 413 2369 fit
437 2323 551 2368 conrmn
568 2303 610 2376 id
633 2307 682 2366 est
703 2303 853 2384 particule
879 2299 987 2378 sensn's
1011 2297 1042 2366 e't
1064 2297 1193 2366 vocatur
1216 2301 1387 2364 subdistin-

208 2416 268 2475 ctio
300 2413 337 2474 ab
364 2427 421 2488 eo,
451 2406 532 2488 quod
554 2408 695 2486 punctum
721 2407 829 2469 subtus
852 2407 882 2468 id
905 2410 954 2469 ert
976 2407 1013 2469 ad
1037 2425 1123 2467 unam
1146 2405 1277 2468 litteram
1299 2403 1386 2466 acci-

207 2517 263 2596 pit.
315 2513 372 2576 Ubi
404 2513 501 2572 autem
533 2509 562 2568 lu
590 2507 789 2586 sequentibus
819 2509 876 2572 iam
905 2508 1217 2570 senteutiasensum'
1235 2489 1385 2588 praestat,

208 2617 262 2678 sed
294 2613 390 2678 adbuc
421 2610 534 2693 aliquid
564 2613 708 2690 superest
737 2608 775 2673 d’e
806 2614 975 2674 sententiae
1005 2607 1208 2691 plenitudine,
1236 2607 1269 2668 iit
1294 2604 1384 2667 colon

207 2719 394 2798 mediamque
419 2709 550 2776 litteram
581 2715 693 2794 puncto
713 2717 851 2777 notamus
874 2719 906 2778 et
926 2713 1053 2776 mediam
1078 2711 1299 2776 distinctionem
1320 2727 1389 2768 voa

211 2895 412 2913 ..···—..·——ss
448 2895 455 2908 Ι

315 3029 346 3094 ι)
366 3027 407 3082 Gi.
433 3025 633 3082 Bar-Hebraei
657 3037 768 3096 gramm.
796 3035 870 3083 metr.
888 3045 915 3100 p.
924 3033 991 3088 'sum
1017 3027 1119 3093 „Eloio
1138 3026 1211 3082 uadit
1227 3029 1254 3080 in
1273 3025 1385 3080 mediam

206 3117 366 3168 sententiare
384 3117 411 3168 et
429 3110 545 3170 l'nr'cnt
563 3111 728 3180 (apoduein)
744 3117 768 3168 si
784 3120 838 3168 tam
856 3116 955 3183 longae
973 3120 1048 3178 snut,
1075 3119 1104 3168 ιιι
1124 3116 1152 3166 in
1170 3111 1285 3181 legendo
1304 3113 1386 3180 spiri-

207 3207 261 3257 ιιιιιι
285 3185 483 3267 ιιιιιιιιΙιιιιιιιιι;’
508 3193 641 3248 Tucbtoio
668 3200 694 3250 in
720 3195 807 3252 merliu
830 3201 963 3252 sententia
981 3199 1066 3252 locum
1086 3196 1167 3252 babet
1185 3203 1247 3250 ante
1267 3195 1383 3248 l’ur'ouo

208 3285 250 3348 (et
274 3281 335 3334 buio
359 3279 471 3344 accidit,
504 3285 539 3334 nt
560 3283 639 3339 etiarn
666 3283 843 3352 interroget);
873 3281 966 3351 Zaugo
993 3281 1151 3349 (Sebevaio)
1175 3286 1243 3334 inter
1265 3280 1385 3332 membra

208 3367 339 3418 orationis
359 3369 496 3434 mensulas
514 3362 649 3432 possidet.
668 3369 800 3435 nunqnam
820 3372 906 3419 autem
925 3367 1011 3427 locutu
1031 3365 1113 3421 babet
1130 3369 1155 3419 in
1174 3363 1305 3427 l’ur’oro;
1331 3359 1383 3416 Pe-

111 3456 116 3462 “
206 3449 274 3503 snlro
294 3453 322 3502 iu
341 3445 543 3508 lacerationis
562 3449 666 3502 sedet.“

310 3548 342 3615 2)
361 3543 445 3600 Huius
471 3543 693 3617 interpunctionis
712 3550 845 3616 specimen
865 3549 956 3610 ridere
975 3550 1037 3602 licet
1056 3551 1082 3602 io
1102 3549 1224 3618 epistolis
1243 3544 1384 3599 dtbanasit

207 3633 285 3686 editis
309 3631 344 3686 nb
372 3631 517 3686 Gnretono.
554 3631 685 3688 eontanas
709 3645 793 3710 porro
812 3632 846 3686 nd
862 3639 1019 3702 punctorum
1038 3637 1168 3688 rationem
1188 3630 1383 3686 observandum

206 3719 339 3770 versionis
366 3715 499 3786 Simplicis
524 3715 555 3770 V.
576 3716 613 3770 v'l⁴.
641 3714 783 3770 editionem
810 3715 1017 3774 Londinensenr.
1050 3717 1167 3772 Maxime
1182 3721 1219 3772 ·iu
1244 3715 1384 3786 propbetis

206 3808 232 3852 et
258 3801 335 3853 libris
361 3803 474 3870 poeticis
494 3802 671 3868 interpunctio
691 3806 716 3853 et
735 3806 902 3856 accentuatio
920 3805 987 3856 satis
1007 3809 1133 3856 accurata
1152 3809 1200 3856 est.
1236 3799 1384 3854 dunense

197 3884 254 3953 les.
278 3883 339 3949 LV,
356 3886 382 3939 t.
402 3885 509 3954 singulo
535 3886 629 3952 cuique
655 3883 738 3938 verbo
758 3889 898 3956 appositus
913 3889 958 3939 'est
975 3892 1108 3939 accentus.
1145 3883 1284 3939 Punctatio
1301 3901 1383 3940 voca·

203 3969 266 4021 lium
289 3971 359 4021 viam
379 3971 463 4038 qnasi
488 3967 600 4021 mediam
625 3967 791 4037 ingreditnr3
816 3976 938 4041 puuctum
959 3973 1027 4024 enim
1046 3971 1212 4024 diacriticuin
1230 3971 1380 4036 erlbibetnr,

202 4053 250 4106 sed
274 4063 462 4124 nonnunquam
485 4053 565 4119 sigua
592 4067 698 4121 qnoque
722 4055 854 4113 vocalium
880 4058 1028 4124 composita
1051 4061 1078 4110 et
1096 4053 1246 4126 diphtongi.
1282 4055 1313 4110 lu
1331 4071 1380 4109 ιιιι-

201 4137 316 4191 minibus
343 4139 442 4191 cuteris
469 4135 577 4210 yocales
603 4137 637 4190 ad
661 4137 773 4192 formam
793 4137 954 4192 Graecorum
975 4141 1079 4195 ciliciae
1100 4149 1247 4209 apparent,
1275 4142 1379 4213 quade

201 4237 230 4274 re
249 4222 320 4274 inire
339 4220 477 4275 dicendum
497 4221 555 4273 erit.
591 4220 735 4292 Suspicor,
755 4223 789 4276 ud
806 4223 985 4278 lacobitnrunr
1003 4226 1109 4279 codices
1126 4215 1299 4294 procureta'nr
1318 4241 1377 4278 esse

199 4305 341 4444 prlibtiouem
358 4305 390 4360 V.
410 4303 443 4358 Τ.
463 4301 666 4362 londinensem.
702 4305 791 4362 Editio
810 4321 916 4378 quoqne
934 4306 965 4364 N.
985 4308 1017 4364 Τ.
1035 4309 1195 4382 Viennensis
1213 4311 1281 4364 satis
1299 4309 1382 4363 multa

218 4405 234 4443 u
254 4396 280 4445 et
299 4395 404 4458 puncta.
