2974 5012
706 441 796 506 Gar.
817 435 869 506 lli.

206 561 290 665 ¹lle
303 559 484 644 linguae
506 559 735 636 Aramaeae
761 569 843 623 usu·
855 564 892 620 et
914 533 1278 622 conditione'suh
1268 569 1344 614 ιιι-

384 677 498 762 perio
522 667 831 744 Seleucidanum
857 679 894 760 et
914 667 1191 770 Romanorum.
1338 661 1345 670 '

302 789 389 878 Qurae'
419 796 543 875 primum
571 797 603 857 et
625 794 749 876 proprie
773 791 865 854 inerit
885 789 1011 867 linguae
1036 757 1205 848 Aramaeae
1227 785 1329 870 patria
1355 789 1398 848 et

201 897 294 970 sedes
329 879 499 982 quibusque
527 881 635 963 linibus
664 900 749 958 terra
781 893 1000 956 Aramaeorum
1032 888 1309 952 circumscribenda
1332 891 1395 972 sit,

203 1019 273 1080 cap.
295 995 322 1058 l.
342 1001 550 1080 exposuimus
594 997 660 1062 Sed
681 997 829 1080 Euphrati
856 1015 919 1060 non
951 991 1115 1070 absimilis,
1142 991 1192 1074 qui
1212 989 1303 1052 litora
1325 1011 1395 1054 sua

203 1102 380 1180 transgredi
403 1095 435 1176 et
457 1102 548 1190 latius
571 1100 727 1163 exundare
749 1099 848 1178 solet,
879 1097 1020 1203 lingu'a
1012 1094 1164 1156 dramaca
1185 1092 1285 1154 multis
1307 1111 1394 1154 sae-

204 1203 323 1270 culis
314 1223 344 1264 ιιι
381 1206 509 1266 arariam
536 1202 670 1266 Orientis
703 1205 791 1283 parte
820 1203 998 1290 pervagata
1003 1169 1205 1257 dominatum
1236 1195 1393 1274 quendam

205 1306 371 1386 occupavit
385 1303 424 1390 ¹.)
468 1306 583 1368 Insedit
611 1307 687 1366 eninr
713 1307 743 1366 in
767 1309 850 1367 terra
872 1301 923 1366 illa
944 1303 1023 1387 inter
1044 1293 1164 1375 Tigrim
1188 1300 1219 1358 et
1241 1295 1394 1378 Euphra-

206 1410 265 1468 tem
297 1407 413 1488 media,
445 1409 700 1492 quaecingulunr
722 1409 810 1490 quasi
831 1407 991 1484 videatur,
1025 1395 1083 1484 quo
1106 1398 1235 1464 Asiam
1238 1399 1331 1458 error
1356 1401 1396 1460 et
1433 1397 1442 1412 ’

205 1511 365 1591 superior,
401 1512 556 1574 urientaHs
586 1518 618 1573 et
647 1509 844 1574 occidentalis
875 1527 940 1570 cum
969 1506 1181 1569 contineantur.
1206 1504 1265 1562 tum
1289 1518 1394 1582 sepa·

205 1613 319 1672 rentur.
365 1611 467 1692 Quare
496 1615 668 1694 quicunque
692 1612 789 1674 Asiae
814 1610 994 1672 subactores
1018 1610 1049 1668 et
1069 1622 1165 1684 reges
1190 1604 1390 1684 exstiterunt,

207 1707 264 1772 hac
290 1713 321 1781 in
350 1715 434 1781 terra
463 1718 564 1776 castra
593 1707 626 1778 'et
652 1714 745 1792 sedes
769 1703 910 1790 figendas
933 1727 1003 1771 esse
1031 1707 1197 1786 duxerunt,
1236 1725 1320 1788 quam
1350 1711 1392 1769 ut

206 1814 331 1892 primum
360 1814 450 1879 Omar
480 1816 620 1898 aspexit,
655 1815 763 1877 lslamo
786 1814 892 1876 Asiam
915 1811 1121 1889 subiecturus,
1148 1812 1249 1870 terrae
1269 1827 1304 1868 se
1323 1827 1389 1890 pe-

208 1917 294 1994 etus,
318 1909 454 1980 Orientis
476 1917 613 2006 clavem,
636 1921 714 1980 viam
739 1917 816 1980 lucis
841 1933 966 1998 eamque
990 1913 1072 1976 orhis
1096 1911 1230 1992 plagam
1244 1911 1392 1998 introisse

207 2021 375 2102 nuntiavit,
411 2038 500 2104 quae
518 2039 621 2083 omnes
650 2021 734 2082 vitae
765 2017 892 2080 delicias
921 2015 1159 2098 voluptatesque
1184 1991 1332 2094 praebeat
1346 2007 1392 2098 ².)

209 2103 294 2184 llaec
322 2127 441 2205 tamen
451 2125 588 2202 regionis
616 2123 741 2185 ubertas
762 2124 794 2184 et
816 2121 905 2202 copia
930 2121 1053 2202 primum
1079 2115 1294 2194 Assyriorum,
1328 2117 1390 2178 de-

209 2223 278 2284 inde
302 2222 519 2294 Chaldaeorum
544 2242 663 2306 quoque
686 2227 718 2289 et
740 2225 899 2288 Persarum
923 2239 1022 2284 utores
1044 2220 1189 2302 viresque
1209 2217 1252 2279 ita
1271 2217 1392 2280 edenti-

209 2325 312 2414 navit,
345 2329 378 2388 ut
404 2327 454 2408 qui
483 2325 549 2388 orhi
578 2327 724 2414 terrarum
750 2327 950 2408 imperarent,
980 2326 1071 2387 tanta
1088 2342 1160 2384 mox
1183 2321 1393 2386 imbecillitate

210 2423 275 2486 fere
307 2425 448 2495 exinaosti
469 2431 507 2490 et
521 2428 654 2512 correpti
678 2430 866 2507 appareant,
896 2427 929 2487 ut
948 2444 985 2488 nc
1005 2444 1169 2508 paucorum
1190 2423 1394 2504 quidemim-

135 2513 140 2526 ”
209 2528 312 2608 petum
344 2546 448 2594 arcere
478 2531 643 2612 potuerint.
689 2529 764 2612 Quis
785 2529 908 2590 miretur
916 2529 1034 2612 ,quod
1057 2529 1160 2608 gentis
1183 2527 1247 2588 lata
1267 2529 1299 2588 et
1320 2547 1392 2592 mu-

211 2647 264 2690 res
290 2631 378 2690 etiarn
409 2633 539 2696 sermoni
566 2631 705 2710 vestigia
724 2612 1056 2714 impresserint,.'quod
1080 2629 1202 2692 odorem
1227 2647 1392 2709 saporem-

212 2747 272 2809 que
300 2732 440 2820 natirom'
463 2734 528 2796 lere
549 2733 743 2812 ealn'alaverit
766 2731 873 2809 lingua
894 2732 1064 2814 Aramaea,
1094 2733 1204 2794 inustis
1227 2733 1394 2812 perversi³

212 2824 285 2902 tat‘s
307 2835 339 2896 ct
359 2833 655 2919 luxuriei'maculis,
681 2853 768 2918 quum
790 2851 848 2896 non
871 2839 931 2898 tam
954 2838 1039 2898 vitae
1059 2839 1246 2930 naturaeque
1269 2835 1394 2916 simpli-

186 3141 190 3150 ,
309 3067 347 3134 d)
364 3068 526 3124 Assemanus
543 3087 622 3142 quum
637 3071 699 3126 Nile
718 3071 875 3140 veheretur,
898 3075 984 3130 lihros
998 3074 1126 3145 Syrorum
1140 3073 1266 3140 antiquos
1280 3069 1394 3125 Romam

212 3149 432 3219 transducimus,
456 3170 509 3208 non
527 3157 616 3222 inepte
634 3155 783 3221 litterarum
797 3157 968 3228 Syriacarum
989 3158 1127 3214 historiam
1147 3171 1203 3206 eum
1221 3153 1298 3204 huius
1315 3153 1396 3208 duvii

213 3233 332 3286 sonitibus
358 3241 385 3288 et
409 3253 488 3290 cursu
511 3243 674 3308 comparat·
693 3239 830 3304 „incertis
855 3246 953 3314 quippe
980 3241 1097 3294 lontibus
1115 3243 1179 3288 nata
1198 3263 1233 3270 -
1251 3236 1337 3302 inquit
1355 3265 1395 3279 -

212 3331 261 3386 per
287 3319 360 3372 mille
385 3325 471 3390 atque
489 3327 629 3376 sexcentos
654 3337 738 3379 annos
762 3326 833 3398 quod
851 3327 934 3380 terme
952 3323 1058 3377 duravit
1074 3320 1245 3388 Assyriorum
1263 3323 1290 3372 ct
1308 3315 1382 3375 Chai-

211 3401 339 3456 daeorum
359 3405 512 3472 imperinm,
533 3419 631 3478 magna
647 3409 796 3467 litterarum
815 3417 896 3480 atque
912 3411 1090 3468 litteratorum
1109 3403 1249 3457 alisontia
1263 3410 1391 3461 excurrit.

170 3499 173 3507 ¹
211 3483 355 3540 Persarum
373 3493 469 3556 pastea
486 3496 512 3544 et
525 3488 687 3550 Graecorum
704 3499 786 3550 armis
808 3501 888 3563 atque
901 3493 1081 3552 dominatione
1094 3490 1298 3557 angustioribus
1311 3505 1390 3546 uuer-

212 3566 266 3624 oita
289 3574 356 3642 ripis
381 3575 432 3626 iter
451 3567 559 3645 'coegit,
585 3579 670 3634 donec
688 3579 814 3634 Romanis
833 3576 997 3645 Parthisque.
1011 3574 1161 3627 alternante
1179 3574 1287 3628 fortuna
1305 3571 1389 3644 impe'-

212 3657 349 3723 rantibus,
373 3661 473 3712 terram
486 3673 616 3733 praeceps
638 3663 728 3717 subiit.
763 3661 829 3716 Mox
842 3659 1010 3713 Christianae
1029 3657 1171 3728 religionis
1189 3659 1283 3714 latore
1303 3675 1385 3714 emer-

211 3743 260 3806 sit,
286 3757 339 3810 quo
355 3748 476 3812 tempore
493 3743 640 3800 floruerunt
655 3745 817 3810 Archelaus,
838 3744 950 3798 lacobus
968 3742 1101 3807 Nisihita,
1126 3741 1274 3822 ephraem,
1295 3743 1390 3799 Maru-

210 3825 284 3890 thas‚
313 3825 404 3892 isaac,
414 3827 549 3884 'lacobus
574 3831 736 3902 Sarugensis
759 3832 859 3898 aliique
885 3828 1029 3882 clarissimi
1046 3829 1210 3898 scriptores,
1237 3832 1263 3880 et
1281 3826 1391 3882 scholae

211 3911 297 3962 saeris
320 3909 418 3964 litteris
442 3921 552 3982 apertae
579 3931 646 3988 quas
668 3915 780 3968 lunilius
799 3913 958 3979 Africanus,
984 3910 1145 3966 Theodorus
1164 3913 1262 3968 Lector
1281 3918 1307 3965 et
1324 3911 1390 3966 Dio-

210 3997 303 4063 nysius
330 3995 486 4074 patriarcha
509 3999 653 4074 celebrant.
688 3995 773 4050 Paulo
797 4004 859 4068 post
877 3993 1008 4067 oppressa
1026 4011 1074 4067 per
1094 3995 1245 4051 Saracenos
1263 3995 1392 4068 Syrorum

210 4077 356 4146 libertate,
381 4081 479 4152 religio
504 4075 584 4154 atque
607 4084 695 4137 honae
715 4087 814 4138 aries
806 4102 834 4140 ιιι
855 4082 961 4150 abditos
982 4081 1189 4136 Coenohitarum
1211 4089 1237 4136 et
1255 4079 1391 4136 Eremieo-

209 4163 296 4218 larum
313 4179 436 4220 recessus
451 4173 531 4238 atque
549 4171 577 4226 ln
595 4168 742 4248 hospitales
759 4175 848 4224 terras
866 4183 894 4222 se
914 4167 1101 4237 receperuntst‘

312 4263 444 4332 2)..Gi
470 4263 605 4331 hammer
625 4266 767 4322 Leander·
775 4267 861 4324 Veru.
881 4284 906 4336 p.
925 4275 966 4323 77.
1002 4262 1070 4320 Rich
1090 4271 1116 4320 et
1134 4263 1189 4320 lien
1208 4265 1304 4322 Portcr
1321 4263 1392 4333 apud

190 4345 390 4433 ΚΙὶίιιιιιιιιιΧ.
409 4365 435 4417 p.
452 4354 513 4406 877
