2974 5012
225 325 268 422 ιι,

227 467 469 580 praedicandum.
514 490 621 574 ltaque
652 491 753 572 primis
784 490 841 552 ιιιιι
872 488 1022 554 ecelesiae
1041 488 1147 551 lustris
1166 486 1273 569 ubique
1296 487 1324 548 in
1349 483 1418 548 Sa·
1468 435 1469 460 ³

228 601 340 680 marla,
372 595 529 674 Galilaea,
542 592 736 673 ·Phoenieia,
766 591 956 654 Antiocheno
979 591 1107 669 regione
1130 591 1162 652 et
1183 587 1289 671 Cypro
1302 589 1416 651 Euan.

230 701 314 782 gello
337 699 413 760 tides
437 695 509 759 data
534 698 584 760 est
601 691 643 778 ¹).
980 719 986 730 ·
1023 753 1028 764 ¹

334 827 463 890 Dubium
486 830 555 906 est,
586 823 654 907 quis
675 823 916 906 Mesopotamiae
937 827 969 886 et
989 825 1124 914 Persidis
1146 821 1318 914 Apostolus
1341 821 1414 882 iue-

229 932 281 994 rit.
320 927 366 990 ·ln
390 929 429 990 N.
457 929 500 990 il'.
529 929 628 991 nullus
661 925 748 1015 huius
776 927 821 994 rei
852 927 972 987 nuntius
1001 927 1122 988 allatus.
1168 906 1283 986 Paulus
1297 941 1362 1008 non
1385 925 1413 984 in

232 1003 403 1112 Orientem,
437 1031 526 1092 sed
517 1050 546 1092 m
568 1028 761 1092 Occidentem
785 1029 892 1092 itinera
916 1029 1065 1103 iaciebat3
1096 1043 1276 1109 quocunque
1297 1027 1412 1108 viarum
1471 1005 1472 1086 l

232 1135 329 1199 ceteri
354 1132 509 1214 Apostoli
529 1134 612 1195 vecti
645 1126 722 1205 sirit,
754 1147 813 1191 non
843 1129 1002 1194 traditus
994 1149 1022 1189 m
1044 1129 1150 1202 Actise
1179 1129 1318 1188 narratur
1340 1129 1413 1194 tan-

232 1233 399 1315 tum'mudc,
434 1237 467 1298 et
493 1233 614 1296 ludaeis
644 1233 676 1296 et
706 1223 852 1310 Graecis,
889 1232 918 1290 in
948 1230 1060 1292 ludaea
1092 1231 1136 1290 et
1152 1229 1287 1290 Samaria
1316 1231 1348 1288 et
1376 1227 1473 1290 ad

232 1339 308 1402 ines
342 1352 467 1432 usque
465 1337 577 1398 terrae
603 1319 807 1410 Evangelium
845 1349 917 1394 esse
953 1332 1174 1411 praedicatum3
1211 1329 1473 1407 Evangelium
1472 1385 1473 1408 p

232 1442 359 1504 electum
386 1455 404 1498 e
434 1435 587 1515 Synedrio
615 1439 651 1496 et
687 1434 798 1514 templo
829 1433 1107 1512 Hierosolymitano
1137 1432 1175 1494 ad
1204 1432 1415 1494 Procuratoris

232 1559 330 1624 usque
355 1537 513 1600 tribunalia
539 1539 572 1597 et
596 1536 742 1598 subsellia
765 1534 910 1608 Caesaris
933 1552 1005 1596 esse
1019 1521 1186 1615 prolatum.
1255 1571 1258 1575 -

337 1638 446 1718 Neque
468 1654 544 1698 vero
568 1636 598 1695 ln
622 1636 771 1718 Epistolis
787 1630 935 1713 vestigia
956 1637 1018 1697 ulla
1039 1627 1230 1717 reperiuhtur
1251 1631 1416 1709 Evangelii

233 1745 316 1804 trans
338 1725 523 1818 Euphratem
539 1739 720 1816 propagati.
764 1737 898 1817 Petril‚
926 1735 955 1798 1.
977 1738 1059 1799 nulla
1073 1738 1311 1820 Mesopotamiae
1324 1752 1415 1794 men·
1472 1748 1475 1846 p

235 1843 277 1907 tio
302 1840 346 1901 fit.
389 1836 469 1902 Sunt
490 1836 624 1920 quidem,
659 1839 710 1919 qui
729 1840 849 1902 Petrum
856 1839 1043 1922 Babylone
1059 1841 1236 1922 aliquamdiu
1259 1841 1413 1900 versatum
1474 1847 1475 1874 ι

234 1943 330 2004 iulsse
361 1941 516 2022 autument
544 1925 613 2001 loco
637 1939 779 2000 innixil.
802 1941 953 2022 Petrrv,
989 1929 1059 2004 13.':
1074 1933 1244 2020 Erasmus,
1274 1941 1413 2015 Βιιιιίιιι,
1475 2007 1476 2018 ¹

233 2041 428 2140 Basnagius3
458 2043 536 2104 inter
560 2041 746 2103 recentiores
770 2041 911 2103 Neander
933 2044 1054 2126 aliique.
1090 2045 1163 2107 Sed
1183 2043 1341 2124 Babylone
1361 2041 1413 2101 illo
1475 2023 1476 2048 ¹

234 2151 383 2228 tempore
396 2144 473 2206 satis
496 2138 661 2204 devastata
683 2146 715 2206 et
734 2143 800 2205 iere
815 2145 913 2207 diruta
926 2144 976 2206 alii
990 2149 1023 2207 ut
1036 2145 1158 2227 Spanhe
1152 2149 1251 2226 nnius,
1276 2147 1413 2207 Pearso-

232 2249 316 2328 nius,
348 2243 501 2309 Calculus
518 2243 576 2306 hoc
598 2216 667 2307 loco
690 2225 875 2326 Babylonem
897 2245 1174 2327 Aegyptiacams.
1192 2245 1415 2326 Memphiticam
1476 2254 1477 2288 i

232 2316 424 2426 intelligunt,
458 2364 495 2408 eo
511 2345 608 2406 simul
639 2347 686 2406 usi
716 2353 928 2428 argumento,
951 2349 1034 2430 quod
1059 2351 1165 2410 eodem
1187 2368 1288 2410 versu
1315 2346 1413 2408 Marci

233 2449 378 2512 salutatio
399 2449 604 2528 contineatur,
635 2465 722 2528 quem
753 2449 851 2536 pnlgo
873 2451 1016 2530 Aegypti
1040 2452 1270 2532 Euangelistam
1291 2449 1413 2511 habent.

231 2549 380 2630 Accedit,
409 2551 491 2633 quod
510 2550 657 2632 Syrorum
681 2551 813 2632 ipsorum
835 2553 958 2616 traditio
980 2555 1102 2618 Petrum
1125 2572 1182 2615 non
1204 2555 1340 2616 numeret
1364 2553 1413 2610 in·
1477 2557 1478 2596 ι

232 2657 281 2717 ter
303 2633 510 2731 Babylonioae
532 2655 633 2716 terrae
653 2653 824 2736 Apostolos
842 2648 890 2737 2ι,
921 2674 998 2737 quos
1020 2656 1116 2716 inisse
1137 2661 1261 2718 narrant
1277 2651 1412 2716 Bartho'-
1477 2651 1478 2722 l

231 2754 396 2840 lomaeum,
417 2779 457 2798 *-
482 2772 570 2836 quem
593 2755 718 2817 eundem
735 2756 852 2820 'habent
875 2776 961 2838 quem
975 2755 1191 2819 Nathanaelem
1216 2793 1255 2802 -
1276 2761 1307 2819 et
1322 2755 1412 2817 The·
1477 2749 1478 2764 ¹

233 2875 337 2936 mam„
358 2851 504 2938 simnldue
534 2853 575 2918 eir
597 2855 685 2942 LXX
715 2857 871 2940 discipulis
893 2859 1030 2921 Adaeum
1055 2861 1087 2919 et
1107 2857 1233 2921 Marem.
1276 2858 1415 2920 Tradunt

233 2958 310 3019 enim
333 2943 708 3038 ιοιιιιιοιιιροιιιιιοιιι
732 2957 769 3018 ab
793 2959 962 3024 Assemano
981 2956 1034 3041 [B.
1054 2958 1092 3022 0.
1108 2959 1167 3039 ΙΙΙ,
1198 2960 1235 3040 B,
1262 2979 1355 3042 pag.
1351 2956 1411 3041 5.)
1477 2967 1478 2998 ²

232 3057 363 3137 laudati,
390 3058 531 3120 docuisse
551 3058 620 3120 illos
639 3059 786 3122 Geniram'
803 3055 1086 3143 (Mesopotamiam)
1111 3067 1142 3126 et
1158 3004 1266 3124 lllosul
1286 3058 1412 3143 (Assy-

232 3156 322 3242 riam)
343 3162 376 3220 et
390 3157 584 3238 Savadam(
567 3157 786 3258 (chaldaeam)
805 3164 837 3222 et
850 3159 1046 3254 Babyloniam
1067 3167 1099 3225 et
1114 3164 1311 3224 Adiabenam
1353 3162 1412 3222 Est

233 3265 334 3346 tamen
363 3260 440 3321 satis
469 3261 643 3322 inconstans
671 3263 728 3323 sibi
758 3265 790 3325 et
818 3262 908 3326 dubia
929 3264 1004 3326 haec
1025 3265 1158 3326 traditio.
1201 3267 1280 3327 Prae
1299 3266 1412 3325 ceteris

232 3349 483 3424 Bartholomaeus
512 3380 556 3430 ex
583 3361 644 3426 Xll
673 3367 790 3426 nomine
817 3365 979 3444 insignitur
1007 3365 1155 3448 Apostoli
1181 3365 1412 3444 Aramaeorum,

233 3461 368 3526 Thomas
397 3477 474 3524 vero
505 3461 665 3548 ludorum,
701 3467 784 3527 ouius
804 3485 937 3547 eorpus.
956 3469 1103 3530 Edessam
1132 3468 1309 3529 translatum
1339 3483 1412 3526 esse

232 3564 404 3650 perhibent.
446 3561 596 3648 Quaado
627 3565 775 3630 Matthaei
805 3571 837 3632 et
861 3569 973 3648 Iudae,
1011 3570 1063 3632 lilii
1096 3569 1199 3632 lacobl
1228 3588 1254 3630 s.
1276 3568 1414 3631 bebbaei

298 3711 301 3720 ι

243 3732 445 3744 W

393 3745 397 3753 ι

338 3847 370 3916 1)
388 3847 416 3901 lu
436 3850 515 3920 Syria
534 3850 675 3921 Evangelii
692 3869 745 3907 vox
762 3853 797 3906 ad
816 3856 930 3906 omnium
948 3867 1028 3906 aures
1043 3853 1174 3920 pervenit.
1208 3850 1331 3906 Damasci
1345 3855 1416 3909 Are-

234 3934 279 3983 tae
295 3926 448 3986 Bthnareha
470 3935 610 3990 aludaeia
634 3939 764 3990 excitatus
784 3935 894 3990 Paulum
918 3951 1026 4004 capere·
1021 3935 1133 3999 ·volnit3
1162 3933 1282 3990 herodes
1298 3937 1416 4009 Antipar

234 4012 360 4068 Iacobum
382 4019 541 4084 tradiderim
571 4019 653 4088 Cypri
676 4017 825 4074 Proconsul
850 4019 962 4088 Sergius
988 4016 1099 4073 Paulum
1117 4017 1233 4086 audivit,
1260 4019 1417 4080 Caesareae

234 4095 335 4152 Paulus
351 4113 443 4164 coram
460 4101 564 4168 Felice,
589 4101 669 4157 Festo
688 4109 715 4157 et
731 4103 853 4174 Agrippa
869 4107 1017 4166 orationem
1034 4102 1138 4158 habuit.

335 4195 375 4265 2)
394 4197 490 4253 Dicunt
513 4200 618 4270 quidem
644 4193 780 4268 nonnum,
812 4199 917 4256 Petrum
937 4200 1101 4270 Babylonem
1125 4203 1247 4268 venisse,
1274 4202 1323 4256 aad
1349 4173 1417 4259 loeo

233 4277 280 4331 rllo
297 4275 317 4334 1
337 4277 409 4336 Petr.
428 4283 459 4339 V.
478 4299 527 4352 pro
546 4288 700 4342 testimonio
718 4287 812 4354 abusi,
840 4303 916 4359 quem
935 4285 1064 4366 Syrorum
1084 4286 1132 4340 alii
1150 4292 1179 4340 ut
1192 4285 1266 4388 Bar·
1275 4285 1418 4344 Hebraeus

232 4341 312 4417 aliter
330 4365 472 4434 explicant.
