3014 5008
1080 299 1341 396 ,2151

26 449 31 453 ⁸
147 467 235 528 tanta
267 462 437 525 constantia
466 460 627 543 proponit,
659 463 693 525 nt
721 462 750 522 ιιι
782 463 925 526 versione
953 449 1037 548 Syra
1058 459 1146 533 locus
1166 486 1225 533 uon
1247 471 1337 536 datus

147 567 192 628 sit
225 563 468 644 recursionibus,
503 563 612 647 quales
647 566 676 624 ιιι
717 564 806 628 textu
836 565 957 629 Graeco'
988 571 1092 649 primis
1119 572 1175 632 iam
1203 573 1336 662 saeculis

147 669 308 731 exstitisse
338 667 486 728 dicuntur.
532 665 584 728 Ad
612 665 688 728 lranc
717 667 850 730 codicum
880 667 1117 731 coniormitate'm
1148 673 1334 738 efficiendam

146 763 273 852 primum
305 769 469 847 conduxit,
501 770 580 850 qnod
601 769 741 852 plerique
763 757 917 833 codices
907 789 937 838 ιιι
962 771 1152 836 monasteriis
1174 776 1250 835 viris
1273 795 1333 856 pe-

145 875 213 936 ritis
242 871 441 936 recitantibus
465 871 530 930 vel
542 873 626 932 certe
649 889 691 931 ex
711 866 852 950 'probatis
874 868 1100 954 exemplaribus
1123 893 1236 938 summa
1260 895 1333 940 cura

147 979 181 1036 et
207 974 366 1052 diligentia
394 971 621 1049 scribebantur,
654 973 763 1034 deinde
791 973 870 1055 qnod
903 974 991 1036 iidem
1021 973 1142 1038 codices
1166 979 1331 1058 saepinsa

148 1076 269 1138 clericis
297 1079 330 1138 et
355 1071 508 1137 monacbis
535 1073 721 1152 legebantur
751 1076 783 1136 et
811 1075 1069 1138 examinabantur.
1110 1076 1177 1140 lluc
1202 1079 1331 1158 accedit,

148 1176 230 1258 qnod
252 1176 448 1257 Eplrraemi
428 1195 497 1237 ram
518 1169 657 1257 tempore
679 1159 843 1240 excitatum
865 1181 933 1240 erat
956 1179 1077 1239 anxium
1099 1179 1183 1242 circa
1199 1180 1329 1242 litteram

146 1281 325 1360 Scripturae
345 1279 493 1356 studium,
522 1277 742 1360 lenianturque
766 1279 842 1340 satis
865 1279 948 1340 multi
971 1277 1135 1360 Syrorum,
1160 1283 1210 1372 qui
1235 1284 1329 1344 totum
1421 1333 1427 1340 ,

143 1383 212 1444 iere
237 1381 278 1442 Ν.
297 1379 338 1440 Τ.
360 1381 499 1450 memoria
520 1381 680 1444 tenuerint.
724 1380 841 1443 l'lornit
862 1383 952 1444 etiarn
975 1383 1004 1442 in
1028 1380 1156 1462 sclrolis,
1188 1379 1329 1445 ecclesiis

146 1487 180 1546 et
200 1482 354 1546 coenobiis
376 1482 436 1544 tale
454 1481 623 1543 docentium
646 1485 679 1545 ct
701 1482 877 1544 discentium
901 1485 1124 1563 commercium,
1145 1487 1180 1546 ut
1201 1485 1228 1545 sl
1252 1503 1328 1566 quae

147 1587 253 1648 textus
274 1585 494 1665 discrepantiae
508 1584 701 1665 exstiterint,
725 1601 781 1644 eae
803 1583 903 1666 n'eque
918 1585 1163 1647 observationem
1188 1585 1325 1674 ell'ng'ere

144 1705 242 1770 neque
281 1688 426 1768 temporis
464 1671 680 1748 consuetudine
711 1681 941 1750 inveterascere
969 1688 1135 1768 potuerint.
1185 1687 1326 1770 Denique

143 1791 264 1852 silentio
298 1807 358 1862 unp
387 1785 619 1868 praetereunda
642 1787 692 1848 est
718 1804 755 1846 ea
778 1789 906 1868 quaein
931 1788 1055 1852 Oriente
1079 1807 1201 1870 semper
1223 1791 1327 1868 viguit

143 1893 286 1982 linguae,
324 1891 472 1952 sermonis
489 1917 493 1926 ·
508 1889 651 1970 vitaeque
690 1883 895 1952 eoniolmitas.
938 1889 1056 1951 Etenim
1092 1891 1158 1952 eius
1187 1893 1326 1970 regionis

145 1987 309 2058 Christiani
339 2011 477 2070 magnam
509 1991 627 2070 partem
649 1987 753 2050 ludaei
774 1989 913 2069 inerant,
939 2009 1005 2053 oum
1025 1989 1146 2052 ludaeis
1169 1993 1326 2100 disputare

143 2097 242 2160 coacti
264 2097 414 2184 sunt7·
374 2093 566 2154 ludaeorum·
576 2090 697 2154 subulas
720 2092 838 2156 vicinas
858 2092 1010 2154 trabebant
1034 2094 1125 2171 atque
1145 2094 1188 2156 ita
1213 2111 1324 2154 assue-

140 2199 216 2261 facti
240 2199 328 2276 sunt,
347 2159 545 2274 Scripturae
549 2195 655 2256 sac'rae
679 2211 777 2255 voces
798 2199 921 2260 sanctas
946 2199 978 2260 et
994 2193 1189 2257 inviolabiles
1211 2193 1324 2257 lraberc

142 2301 292 2382 ipsasque
309 2299 375 2359 iere
396 2297 517 2358 litteras
537 2313 706 2356 numerare.
786 2349 793 2355 .

245 2401 321 2462 Erat
352 2400 451 2460 autem
482 2399 541 2460 iam
571 2413 653 2458 saec.
678 2389 718 2458 V.
742 2398 774 2458 et
798 2395 860 2457 Vl.·
876 2397 914 2458 N.
937 2398 976 2460 Τ.
995 2395 1170 2478 Syriacum,
1188 2362 1324 2460 ιιιιιΝιθ
1412 2421 1416 2440 .

139 2502 388 2582 Evangeliarium
424 2499 585 2560 innumeris
613 2497 840 2578 exemplaribus
868 2511 926 2580 per
956 2503 1049 2565 totum
1074 2501 1140 2561 lere
1171 2498 1324 2562 Orientem

140 2607 332 2684 divulgatum
358 2603 553 2684 plurimisque
577 2599 717 2664 ecclesiis
745 2599 867 2681 publico
891 2620 948 2662 usu
971 2602 1132 2662 sacratum.
1176 2597 1324 2682 Syrorum
1436 2653 1442 2666 ,

142 2702 290 2772 monachi
316 2703 400 2768 multi
434 2704 464 2764 in
493 2697 665 2768 Armeniam
702 2721 738 2764 sc
766 2703 973 2784 contulerant,
1010 2703 1112 2786 ibique
1142 2701 1325 2764 monasteria

142 2809 342 2875 condiderant
347 2801 404 2892 ¹J;
433 2807 538 2867 contra
566 2781 814 2865 Armeniorum
804 2823 931 2866 mvenes
953 2805 1110 2866 Edessam
1124 2805 1156 2865 et
1180 2801 1324 2862 Alexan-

142 2913 235 2974 driam
257 2907 452 2972 mittebantur
472 2905 511 2967 ad
532 2905 667 2982 linguam
686 2900 832 2968 Graecam
853 2907 885 2968 et
897 2897 1055 2983 Syriacam
1074 2901 1266 2992 ediscendam
1280 2895 1325 2984 ²J.

143 3012 278 3076 Armenii
312 3009 520 3074 oocidentales
545 3006 677 3068 'Graeco
713 3023 853 3066 sermone
890 3005 1065 3078 utebantnr3
1094 3005 1124 3064 ιιι
1154 3003 1324 3084 provinciis

144 3115 348 3177 adorientem
374 3113 441 3172 sitis
464 3113 580 3173 Persae
602 3110 765 3170 vetuerant
788 3117 872 3167 usum
897 3105 1022 3183 linguae
1046 3095 1201 3186 Graecae,
1227 3122 1324 3198 quaro
1344 3091 1374 3140 ·’

142 3216 278 3280 Armenii
299 3212 403 3276 ιιιιΝ.
426 3213 467 3274 Τ.
491 3215 521 3274 ιιι
547 3211 690 3272 versione
709 3209 844 3289 Syriaca
860 3206 1025 3287 legebant,
1052 3208 1226 3290 priusquam
1247 3225 1324 3287 pro-

141 3321 237 3400 priam
265 3317 439 3380 versionem
462 3314 544 3376 nacti
566 3315 646 3374 sunt.
691 3310 748 3395 Qui
772 3311 944 3373 versionem
968 3305 1177 3372 Armeniacum
1200 3307 1325 3386 scripsit

43 3480 47 3495 ,
142 3411 321 3498 ltlesrobes,
352 3417 449 3480 omnia
478 3396 593 3477 ormino
626 3431 722 3494 opera
751 3412 962 3476 ecclesiastica
982 3412 1106 3490 reperit
1127 3409 1233 3485 lingua
1255 3409 1323 3486 Sy·

141 3523 224 3584 riaca
257 3520 429 3601 conscripta
441 3514 493 3601 ³J,
529 3533 608 3600 quae
641 3533 659 3576 a
688 3514 779 3594 plebe
807 3531 867 3576 non
894 3511 1134 3590 intelligebatur.
1180 3507 1253 3588 lpse
1282 3525 1323 3568 ex

249 3727 278 3798 ι)
296 3727 451 3796 Neomare,
475 3727 596 3786 Versuch
623 3728 697 3780 einer
716 3723 768 3778 Ges
770 3723 872 3777 cbichte
892 3723 940 3777 der
959 3737 1025 3792 aqna.
1041 3721 1178 3775 Liter'atur
1197 3733 1260 3790 pag.
1278 3726 1322 3774 22.

245 3827 278 3895 2)
297 3826 429 3883 Eusebius
448 3823 718 3916 catenatione.
739 3823 799 3878 Vol.
820 3821 840 3874 l.
858 3825 926 3892 pagi
941 3820 1057 3876 llll.-
1066 3817 1186 3874 Moses
1205 3817 1320 3873 Gboren.

141 3911 195 3977 lll,
220 3915 263 3968 50.
299 3910 470 3978 „Mearobcs
488 3917 515 3965 et
528 3886 656 3973 isaacus,
683 3906 824 3960 Armeniae
843 3907 973 3976 apostoli,
997 3908 1026 3958 ιιι
1045 3903 1268 3990 Mesopotamiam
1289 3900 1324 3954 ad

142 3997 235 4050 urbem
246 3994 375 4051 Edessam
387 3999 462 4052 viros
477 3995 647 4058 dimiserunt,
666 3997 695 4046 ut
706 3985 878 4062 quaecunque
891 3991 930 4045 ibi
942 3995 1094 4046 sanctorum
1106 3993 1211 4058 patrum
1224 3979 1324 4052 scr'ipta

144 4084 324 4150 reperissent,
353 4084 382 4136 in
405 4087 526 4136 nostrum
549 4093 697 4134 sermonem
723 4079 945 4132 convrrrterent.‘⁶
961 4074 1170 4130 -Tbeodori
1194 4069 1322 4136 Mopsue-

142 4168 213 4220 steni
231 4167 368 4234 scriptae
386 4165 555 4222 Nestorianis
569 4162 696 4235 Syriaco,
720 4159 875 4216 Armeniaca
894 4167 920 4216 et
934 4159 1045 4216 Persice
1060 4171 1141 4215 versa
1160 4158 1229 4209 sunt
1264 4148 1322 4204 vid.

141 4249 288 4304 Baronium
309 4250 392 4306 add.
411 4253 463 4308 435
482 4267 513 4304 ex
531 4247 670 4304 Liberato.

246 4347 277 4416 3)
296 4346 435 4408 Neumann
452 4351 471 4406 l.
489 4364 512 4402 o.
531 4361 594 4416 pag.
612 4352 653 4403 32.
