2956 5004
1189 321 1252 392 321

70 499 162 544 vers.
187 481 369 562 Symmachi
397 517 435 528 —
483 481 521 548 G.
547 482 670 568 XVIII,
696 483 748 550 Il.
771 489 903 562 ceordaic
923 482 1003 570 πρὸς
1023 483 1132 556 ἑαυτὸν
1153 515 1253 578 προς-

70 585 181 668 mileto
199 585 316 665 Syrus:
337 586 439 648 stabat
460 588 587 656 seorsim
597 606 673 650 com
693 606 728 650 se
752 589 819 671 ipso
842 592 874 654 ct
894 593 1039 671 precatus
1054 595 1114 656 est.
1130 627 1171 668 —,
1208 597 1253 662 Io.

65 685 166 767 XIV,
190 686 217 748 l.
239 687 392 751 πιστεύετε
405 687 455 762 ἐἷς
477 682 530 754 adr
551 682 629 752 dedu
651 693 703 753 xci
724 689 768 762 εἷς
792 689 847 765 ἐμὲ
867 691 1040 767 urceatim&
1063 694 1164 776 Syrus
1186 692 1254 762 Irn-¹

68 791 245 870 perativum
266 785 399 852 ‘scribite
432 789 568 854 fiduciam
598 789 747 864 collocate
778 793 808 854 in
836 793 905 854 lico
934 796 969 857 et
994 795 1024 856 iu
1047 787 1252 864 menducium

68 891 238 954 coiiocate.
288 891 328 952 V.
347 913 348 920 ¹
366 891 417 956 19.
448 889 495 957 ἔτι
529 887 640 977 μικρὸν
668 896 721 956 καὶ
749 889 769 958 ὅ
796 894 911 982 udonus
939 917 978 975 με
1004 895 1105 963 niatu
1130 905 1254 989 θεωρεῖ,

66 990 159 1074 ὑμεῖς
188 996 222 1058 δὲ
252 996 398 1076 θεωρεῖτέ
426 1019 476 1076 με.
516 994 618 1074 syrus
640 994 739 1058 verba
759 991 806 1058 ἔτι
827 997 937 1077 μικρόν
958 999 997 1060 ad
1018 1017 1141 1064 versum
1164 1007 1251 1084 prio-

63 1113 135 1159 rem
159 1095 302 1159 attrahit:
329 1100 477 1160 venturus
499 1098 575 1158 enim
598 1115 663 1158 curn
683 1098 721 1159 ad
744 1117 804 1161 vos
825 1099 916 1179 pauio
938 1091 1035 1180 post·
1063 1101 1105 1178 Iit
1122 1107 1251 1186 muudus

66 1207 132 1260 uon
160 1199 283 1261 visurus
312 1202 362 1262 est
382 1217 429 1262 ma
453 1199 607 1288 etc.,quia
629 1216 692 1278 ego
715 1201 808 1280 vivo,
840 1219 899 1264 vos
920 1197 1040 1284 quoque
1059 1205 1186 1270 vivetis.
1207 1241 1250 1256 -

66 1300 144 1377 Act.
170 1297 201 1380 I,
224 1297 257 1362 4.
279 1301 511 1384 συναλιζόμενος
535 1311 628 1384 quum·
645 1300 752 1366 ederet
776 1319 841 1364 cum
862 1303 899 1364 iis
923 1323 1041 1386 panem.
1065 1341 1104 1352 -
1152 1305 1250 1394 c.1r,

66 1417 122 1482 24.
143 1419 238 1494 λύσας
260 1413 314 1494 τὰς
332 1415 444 1492 ὠδῖνας
465 1423 520 1484 τοῦ
533 1419 674 1484 θανάτου
690 1418 739 1502 (v.
754 1419 775 1481 I.
790 1415 881 1504 ᾅδου)
895 1419 996 1502 Syrus
1014 1395 1183 1488 ὼ
1199 1413 1256 1514 I?

64 1532 198 1628 KRG-⁸2
215 1571 292 1634 quae
316 1556 412 1618 verba
432 1556 465 1618 ct
482 1554 577 1635 ipsius
592 1553 677 1617 Petri
691 1554 786 1616 inisse
802 1548 944 1618 videntur
957 1559 990 1618 et
1003 1557 1041 1619 ad
1056 1556 1096 1620 V.
1112 1558 1150 1620 Τ.
1164 1560 1251 1626 iocos

67 1672 239 1753 parallelos
264 1673 446 1752 ,respiciunt
471 1705 513 1719 -
565 1669 603 1734 0.
633 1671 682 1754 X,
711 1671 765 1738 36.
793 1665 883 1746 οὗτός
904 1671 970 1736 ἔστι
990 1675 1115 1738 πάντων
1136 1679 1252 1763 κύριος.

69 1789 175 1870 Syrus
197 1787 343 1852 hocloco
366 1793 464 1855 forma
486 1789 654 1872 emphatica
677 1792 770 1855 utitur
791 1775 910 1877 Infio,
933 1810 1022 1874 quam
1043 1793 1118 1876 Syri
1136 1795 1253 1862 Tetra-

69 1909 264 1985 grammaton
295 1913 424 1992 vocant,
453 1928 514 1994 qua
540 1907 706 1986 significari
733 1909 851 1974 dicunt:
882 1910 1125 1996 dominationem,
1154 1919 1252 1982 maie-

68 2013 203 2088 statem,
238 2011 418 2090 essentiam,
456 2013 670 2076 aeteruitatem
701 2009 752 2094 [v.
782 2011 951 2074 Schaaiium
979 2013 1008 2072 in
1035 2014 1178 2098 Lexico).
1207 2055 1252 2066 --

70 2111 109 2176 G.
145 2109 300 2192 XXVIII,
333 2112 384 2175 12.
411 2109 462 2176 ὅτι
489 2117 649 2194 πανταχοῦ
676 2108 866 2194 ἀντιλέγεται
893 2111 968 2191 Syr.
987 2106 1066 2194 'quia
1093 2133 1111 2176 a
1135 2121 1252 2188 nemine
1387 2180 1392 2188 ,

69 2215 239 2296 accipitur,
277 2215 355 2276 unde
381 2215 558 2297 probabile,
595 2233 631 2276 eo
658 2217 796 2294 tempore
820 2216 962 2296 scriptam
986 2219 1254 2284 esse·versionem

69 2319 227 2396 nostram,
251 2335 311 2397 quo
331 2318 389 2378 vix
411 2315 495 2380 multi
515 2316 555 2378 ad
577 2316 743 2380 doctrinam
761 2313 963 2380 Christianam
986 2325 1193 2386 accesserant.
1208 2339 1252 2372 -··-
1289 2387 1291 2394 ,

69 2417 163 2480 Rom.
184 2416 215 2496 1,
238 2416 289 2480 10.
311 2417 404 2492 εἶ’πως
419 2463 427 2480 .
444 2460 454 2479 .
469 2414 704 2499 εὔοδωθῆσομαι
724 2417 799 2498 Syr.
823 2419 991 2501 siquando
1013 2423 1169 2502 aperiatur
1183 2421 1252 2488 miii

70 2523 146 2600 via,
175 2519 213 2581 ad
242 2539 333 2602 ¹quam
357 2521 539 2583 locutionem
563 2519 604 2584 ei.
625 2520 712 2582 Pauli
745 2519 843 2582 verba
874 2521 934 2584 aiio
960 2521 1029 2584 ioco
1054 2525 1255 2593 obviaretur-

69 2623 139 2710 ιργη
169 2645 223 2703 μοι
238 2624 338 2703 deice
366 2625 489 2704 μεγάλη.
511 2656 552 2668 -
594 2621 632 2687 C.
657 2605 793 2702 1v‚17.
817 2621 933 2701 Syrus:
961 2639 1061 2686 coram
1085 2627 1174 2708 Deo,
1204 2633 1252 2693 cui

70 2725 163 2788 tidem
177 2723 326 2804 habuisti,
350 2725 430 2806 quod
442 2727 576 2789 mortuos
589 2725 740 2789 vivificat.
775 2724 863 2818 Pers.
877 2723 907 2795 11
920 2724 1029 2806 utitur,
1051 2731 1084 2792 nt
1097 2727 1192 2810 vulg,
1208 2757 1252 2780 .-

70 2841 114 2904 V.
137 2839 191 2904 21.
220 2843 468 2924 πληροφορηθείς
490 2841 564 2922 Syr.
589 2843 701 2923 optime
723 2827 802 2924 μῖς
834 2845 913 2925 quod
938 2843 1063 2906 verbum
1085 2845 1115 2906 iu
1137 2846 1196 2908 Kal
1220 2852 1253 2914 et

70 2941 152 3006 Pael
187 2942 358 3021 significat:
395 2945 510 3004 eventu
546 2945 759 3024 comprobatus
789 2949 838 3008 est
865 2945 905 3008 11.
934 2945 1017 3008 Sam.
1047 2944 1155 3029 XVII,
1183 2945 1235 3014 23.
1243 2969 1253 3023 ;

70 3045 129 3107 Ps.
152 3041 238 3124 1105,
266 3043 317 3108 19.
325 3065 335 3118 3
373 3042 446 3107 Act.
475 3043 592 3126 111,7.
637 3045 724 3126 Ergo
750 3049 862 3109 eventu
883 3047 1047 3129 probatus,
1076 3047 1253 3130 adplenum

71 3146 236 3208 veritatem
261 3146 528 3230 certitudinemque
552 3145 736 3228 perductur,
752 3139 975 3214 ‘consolidatus
995 3151 1037 3212 «et
1059 3151 1252 3216 *certificatus

72 3251 149 3329 est,
183 3247 261 3310 Aliis
289 3267 410 3330 quoque
440 3249 518 3312 locis
539 3248 635 3312 verba
657 3254 863 3336 πληροφορεῖν
883 3254 916 3315 et
936 3254 1130 3336 πληροφορία
1151 3252 1253 3333 Syrus
1298 3248 1301 3260 ’

71 3337 189 3428 optime
218 3347 359 3425 reddidit.
383 3383 426 3398 -
472 3336 510 3416 C.
541 3351 600 3436 IlI,
633 3349 686 3415 23.
717 3352 803 3438 locus
825 3353 873 3418 hic
895 3353 1146 3452 celeberrimusa
1169 3355 1252 3448 Syro
1369 3391 1372 3400 =

71 3456 257 3528 transfertur
277 3471 462 3534 rectissime:
494 3471 564 3554 quia
588 3489 690 3534 omnes
716 3476 924 3563 peccaverunt
946 3463 1009 3567 (Ξ)
1025 3478 1253 3563 <neam-m

73 3567 197 3674 IOEXV?
221 3581 439 3684 (51de
499 3573 690 3686 Vocem.
711 3607 811 3684 Syrus
841 3581 965 3685 saepius
987 3603 1099 3681 utitur,
1131 3605 1165 3663 ut
1191 3621 1253 3665 ex-

74 3683 187 3782 primat
211 3681 340 3796 ἄφροῖνες
371 3707 447 3788 [eph.
479 3707 526 3786 V,
549 3707 599 3770 17.
623 3710 761 3768 carentes
784 3707 916 3790 mente,¹
932 3701 1077 3767 ἀπιστίαν
1102 3701 1190 3764 Rom.
1213 3704 1254 3786 li,

75 3817 131 3882 23.
163 3825 221 3884 etc.
250 3801 608 3903 iltuqulreperitur
637 3842 689 3884 ex.
720 3842 746 3886 c.
775 3821 800 3882 1.
821 3821 905 3884 Petu.
932 3820 972 3884 II.
994 3815 1178 3902 procinctui
1201 3828 1256 3886 τοῦ

76 3926 163 3985 θεοῦ.
207 3923 324 3989 Sensus
356 3929 451 4005 igitur
481 3927 548 3988 est:
575 3924 709 3988 homines
741 3939 846 3985 carere
877 3939 932 4003 ea,
959 3939 1040 4004 quac
1069 3921 1135 4012 Dei·
1163 3926 1254 3997 etin

76 4025 146 4086 Deo
178 4029 243 4105 est,
275 4047 373 4090 rerum
408 4029 630 4110 perfectarum,
668 4025 889 4104 gloriosarum,
925 4023 1117 4086 laudabilium
1147 4027 1255 4106 copia3

79 4130 109 4188 in
136 4129 246 4190 statum
278 4133 309 4191 et
330 4129 462 4192 habitum
488 4148 590 4192 omnes
614 4129 758 4210 delapsos
781 4143 871 4206 esse,
901 4129 935 4188 ut
958 4125 1071 4189 frustra
1093 4125 1174 4205 apud
1198 4144 1253 4188 eos

77 4231 251 4310 requiratur
279 4246 331 4310 ea,
361 4233 471 4316 inqua
494 4235 589 4297 creati
611 4233 697 4313 runt,
727 4229 828 4308 gioria
847 4232 880 4293 et
900 4230 1010 4292 virtus.
1052 4226 1156 4289 Verba
1171 4245 1253 4290 uer·
1373 4229 1382 4246 '

78 4363 133 4418 sus
163 4347 320 4449 sequentis
342 4349 384 4412 ita
406 4351 506 4418 reddit
527 4350 645 4432 Syrus:
674 4391 682 4410 ·
706 4339 819 4470 QX)
848 4323 1038 4434 IZQQIO
1071 4335 1256 4441 <com-320

962 4461 1004 4524 21
