<?xml version="1.0" encoding="UTF-8"?>
<!DOCTYPE html PUBLIC "-//W3C//DTD XHTML 1.0 Transitional//EN"
    "http://www.w3.org/TR/xhtml1/DTD/xhtml1-transitional.dtd">
<html xmlns="http://www.w3.org/1999/xhtml" xml:lang="en" lang="en">
 <head>
  <title>
</title>
<meta http-equiv="Content-Type" content="text/html;charset=utf-8" />
  <meta name='ocr-system' content='tesseract 3.04.00' />
  <meta name='ocr-capabilities' content='ocr_page ocr_carea ocr_par ocr_line ocrx_word'/>
</head>
<body>
  <div class='ocr_page' id='page_1' title='image "./denovitestament00wichgoog_0014.png"; bbox 0 0 2974 5012; ppageno 0'>
   <div class='ocr_carea' id='block_1_1' title="bbox 204 1071 1070 1221">
    <p class='ocr_par' dir='ltr' id='par_1_1' title="bbox 204 1071 1070 1221">
     <span class='ocr_line' id='line_1_1' title="bbox 204 1071 1070 1221; baseline -0.002 1"><span class='ocrx_word' id='word_1_1' title='bbox 204 1071 208 1080; x_wconf 46' lang='lat'><em>*</em></span> <span class='ocrx_word' id='word_1_2' title='bbox 305 1131 758 1221; x_wconf 63' lang='lat' dir='ltr'><strong>confirmemus</strong></span> <span class='ocrx_word' id='word_1_3' title='bbox 791 1119 1070 1220; x_wconf 74' lang='lat' dir='ltr'><strong>RERUM.</strong></span> 
     </span>
    </p>
   </div>
   <div class='ocr_carea' id='block_1_2' title="bbox 346 1607 1227 1850">
    <p class='ocr_par' dir='ltr' id='par_1_2' title="bbox 346 1607 1227 1850">
     <span class='ocr_line' id='line_1_2' title="bbox 499 1607 875 1712; baseline -0.003 -40"><span class='ocrx_word' id='word_1_4' title='bbox 499 1609 646 1674; x_wconf 64' lang='lat' dir='ltr'><strong>121ssth</strong></span> <span class='ocrx_word' id='word_1_5' title='bbox 672 1607 875 1712; x_wconf 74' lang='lat' dir='ltr'><strong>ruimus.</strong></span> 
     </span>
     <span class='ocr_line' id='line_1_3' title="bbox 346 1713 1227 1850; baseline -0.001 -26"><span class='ocrx_word' id='word_1_6' title='bbox 346 1713 399 1824; x_wconf 15' lang='lat' dir='ltr'><strong>&#39;De</strong></span> <span class='ocrx_word' id='word_1_7' title='bbox 422 1756 704 1850; x_wconf 72' lang='lat' dir='ltr'><strong>linguuAramaaa</strong></span> <span class='ocrx_word' id='word_1_8' title='bbox 727 1756 852 1840; x_wconf 87' lang='lat' dir='ltr'><strong>eiusque</strong></span> <span class='ocrx_word' id='word_1_9' title='bbox 875 1756 1022 1828; x_wconf 80' lang='lat' dir='ltr'><strong>dialectis.</strong></span> <span class='ocrx_word' id='word_1_10' title='bbox 1133 1833 1135 1840; x_wconf 27' lang='lat'><strong>¹</strong></span> <span class='ocrx_word' id='word_1_11' title='bbox 1224 1806 1227 1823; x_wconf 86' lang='lat'>.</span> 
     </span>
    </p>
   </div>
   <div class='ocr_carea' id='block_1_3' title="bbox 96 1917 1087 1990">
    <p class='ocr_par' dir='ltr' id='par_1_3' title="bbox 96 1917 1087 1990">
     <span class='ocr_line' id='line_1_4' title="bbox 96 1917 1087 1990; baseline -0.007 -10"><span class='ocrx_word' id='word_1_12' title='bbox 96 1926 162 1980; x_wconf 75' lang='lat' dir='ltr'><strong>Gur.</strong></span> <span class='ocrx_word' id='word_1_13' title='bbox 181 1921 201 1976; x_wconf 92' lang='grc' dir='ltr'><strong>Ι.</strong></span> <span class='ocrx_word' id='word_1_14' title='bbox 237 1919 276 1974; x_wconf 87' lang='lat' dir='ltr'><strong>De</strong></span> <span class='ocrx_word' id='word_1_15' title='bbox 289 1919 398 1990; x_wconf 82' lang='lat' dir='ltr'><strong>linguae</strong></span> <span class='ocrx_word' id='word_1_16' title='bbox 413 1917 561 1971; x_wconf 81' lang='lat' dir='ltr'><strong>Aramaeae</strong></span> <span class='ocrx_word' id='word_1_17' title='bbox 577 1917 668 1986; x_wconf 85' lang='lat' dir='ltr'><strong>patria</strong></span> <span class='ocrx_word' id='word_1_18' title='bbox 680 1921 707 1970; x_wconf 88' lang='lat' dir='ltr'><strong>ot</strong></span> <span class='ocrx_word' id='word_1_19' title='bbox 726 1917 823 1972; x_wconf 83' lang='lat' dir='ltr'><strong>tinibus</strong></span> <span class='ocrx_word' id='word_1_20' title='bbox 837 1919 954 1990; x_wconf 89' lang='lat' dir='ltr'><strong>antiquis</strong></span> <span class='ocrx_word' id='word_1_21' title='bbox 1005 1961 1011 1975; x_wconf 92' lang='lat'><strong>.</strong></span> <span class='ocrx_word' id='word_1_22' title='bbox 1082 1964 1087 1978; x_wconf 89' lang='lat'>‚</span> 
     </span>
    </p>
   </div>
   <div class='ocr_carea' id='block_1_4' title="bbox 97 2017 1152 2174">
    <p class='ocr_par' dir='ltr' id='par_1_4' title="bbox 97 2017 1152 2174">
     <span class='ocr_line' id='line_1_5' title="bbox 97 2017 1152 2092; baseline -0.002 -10"><span class='ocrx_word' id='word_1_23' title='bbox 97 2027 163 2081; x_wconf 79' lang='lat' dir='ltr'><strong>Gur.</strong></span> <span class='ocrx_word' id='word_1_24' title='bbox 179 2023 212 2078; x_wconf 84' lang='grc' dir='ltr'><strong>ΙΙ.</strong></span> <span class='ocrx_word' id='word_1_25' title='bbox 248 2021 287 2077; x_wconf 83' lang='lat' dir='ltr'><strong>De</strong></span> <span class='ocrx_word' id='word_1_26' title='bbox 300 2023 409 2092; x_wconf 83' lang='lat' dir='ltr'>linguae</span> <span class='ocrx_word' id='word_1_27' title='bbox 424 2019 574 2074; x_wconf 78' lang='lat' dir='ltr'><strong>Aramaeae</strong></span> <span class='ocrx_word' id='word_1_28' title='bbox 588 2033 638 2073; x_wconf 83' lang='lat' dir='ltr'><strong>usu</strong></span> <span class='ocrx_word' id='word_1_29' title='bbox 650 2021 678 2072; x_wconf 90' lang='lat' dir='ltr'><strong>in</strong></span> <span class='ocrx_word' id='word_1_30' title='bbox 690 2020 803 2089; x_wconf 86' lang='lat' dir='ltr'><strong>imperio</strong></span> <span class='ocrx_word' id='word_1_31' title='bbox 813 2017 999 2091; x_wconf 75' lang='lat' dir='ltr'><strong>Assyriorum,</strong></span> <span class='ocrx_word' id='word_1_32' title='bbox 1021 2021 1152 2081; x_wconf 77' lang='lat' dir='ltr'><strong>Chaldae-</strong></span> 
     </span>
     <span class='ocr_line' id='line_1_6' title="bbox 168 2105 423 2174; baseline -0.02 -10"><span class='ocrx_word' id='word_1_33' title='bbox 168 2125 260 2174; x_wconf 86' lang='lat' dir='ltr'>orum,</span> <span class='ocrx_word' id='word_1_34' title='bbox 281 2105 423 2161; x_wconf 79' lang='lat' dir='ltr'><strong>Persarum</strong></span> 
     </span>
    </p>
   </div>
   <div class='ocr_carea' id='block_1_5' title="bbox 99 2199 1276 2368">
    <p class='ocr_par' dir='ltr' id='par_1_5' title="bbox 99 2199 1276 2368">
     <span class='ocr_line' id='line_1_7' title="bbox 99 2199 1150 2278; baseline 0.001 -11"><span class='ocrx_word' id='word_1_35' title='bbox 99 2213 163 2267; x_wconf 77' lang='lat' dir='ltr'><strong>Gnr.</strong></span> <span class='ocrx_word' id='word_1_36' title='bbox 182 2209 229 2264; x_wconf 87' lang='grc' dir='ltr'><strong>ΙΙΙ.</strong></span> <span class='ocrx_word' id='word_1_37' title='bbox 249 2199 414 2278; x_wconf 82' lang='lat' dir='ltr'><strong>De&#39;linguae</strong></span> <span class='ocrx_word' id='word_1_38' title='bbox 427 2205 576 2260; x_wconf 80' lang='lat' dir='ltr'><strong>Aramaeae</strong></span> <span class='ocrx_word' id='word_1_39' title='bbox 592 2217 642 2259; x_wconf 88' lang='lat' dir='ltr'><strong>usu</strong></span> <span class='ocrx_word' id='word_1_40' title='bbox 656 2208 683 2258; x_wconf 91' lang='lat' dir='ltr'><strong>et</strong></span> <span class='ocrx_word' id='word_1_41' title='bbox 697 2202 851 2260; x_wconf 88' lang='lat' dir='ltr'><strong>eonditione</strong></span> <span class='ocrx_word' id='word_1_42' title='bbox 863 2206 912 2261; x_wconf 90' lang='lat' dir='ltr'><strong>suh</strong></span> <span class='ocrx_word' id='word_1_43' title='bbox 929 2209 1041 2278; x_wconf 86' lang='lat' dir='ltr'><strong>inperio</strong></span> <span class='ocrx_word' id='word_1_44' title='bbox 1056 2209 1150 2268; x_wconf 87' lang='lat' dir='ltr'><strong>Seleu-</strong></span> 
     </span>
     <span class='ocr_line' id='line_1_8' title="bbox 166 2291 1276 2368; baseline -0.005 -18"><span class='ocrx_word' id='word_1_45' title='bbox 166 2295 286 2350; x_wconf 87' lang='lat' dir='ltr'><strong>oidarum</strong></span> <span class='ocrx_word' id='word_1_46' title='bbox 301 2297 328 2368; x_wconf 86' lang='lat' dir='ltr'><strong>et</strong></span> <span class='ocrx_word' id='word_1_47' title='bbox 341 2291 521 2347; x_wconf 82' lang='lat' dir='ltr'><strong>Romanorum</strong></span> <span class='ocrx_word' id='word_1_48' title='bbox 593 2329 1142 2353; x_wconf 85' lang='grc'><strong>........</strong></span> <span class='ocrx_word' id='word_1_49' title='bbox 1178 2326 1205 2353; x_wconf 35' lang='lat'><strong>1,</strong></span> <span class='ocrx_word' id='word_1_50' title='bbox 1241 2311 1276 2360; x_wconf 77' lang='lat'><strong>22</strong></span> 
     </span>
    </p>
   </div>
   <div class='ocr_carea' id='block_1_6' title="bbox 100 2367 1276 2465">
    <p class='ocr_par' dir='ltr' id='par_1_6' title="bbox 100 2367 1276 2465">
     <span class='ocr_line' id='line_1_9' title="bbox 100 2367 1276 2465; baseline -0.005 -15"><span class='ocrx_word' id='word_1_51' title='bbox 100 2367 165 2452; x_wconf 62' lang='lat' dir='ltr'><strong>tino.</strong></span> <span class='ocrx_word' id='word_1_52' title='bbox 182 2396 227 2450; x_wconf 86' lang='lat' dir='ltr'><strong>iv.</strong></span> <span class='ocrx_word' id='word_1_53' title='bbox 262 2393 301 2447; x_wconf 77' lang='lat' dir='ltr'><strong>Ite</strong></span> <span class='ocrx_word' id='word_1_54' title='bbox 324 2395 432 2465; x_wconf 76' lang='lat' dir='ltr'><strong>{inguae</strong></span> <span class='ocrx_word' id='word_1_55' title='bbox 450 2391 599 2447; x_wconf 74' lang='lat' dir='ltr'><strong>Aramaeae</strong></span> <span class='ocrx_word' id='word_1_56' title='bbox 620 2389 742 2445; x_wconf 70' lang='lat' dir='ltr'><strong>dialectis</strong></span> <span class='ocrx_word' id='word_1_57' title='bbox 756 2393 867 2463; x_wconf 88' lang='lat' dir='ltr'><strong>eiusque</strong></span> <span class='ocrx_word' id='word_1_58' title='bbox 881 2395 990 2464; x_wconf 82' lang='lat' dir='ltr'><strong>ingenio</strong></span> <span class='ocrx_word' id='word_1_59' title='bbox 1060 2439 1066 2451; x_wconf 86' lang='lat'><strong>.</strong></span> <span class='ocrx_word' id='word_1_60' title='bbox 1137 2441 1143 2455; x_wconf 88' lang='grc'><em>,</em></span> <span class='ocrx_word' id='word_1_61' title='bbox 1196 2428 1206 2454; x_wconf 73' lang='grc'>,</span> <span class='ocrx_word' id='word_1_62' title='bbox 1242 2413 1276 2464; x_wconf 79' lang='lat'><strong>33</strong></span> 
     </span>
    </p>
   </div>
   <div class='ocr_carea' id='block_1_7' title="bbox 463 2594 916 2664">
    <p class='ocr_par' dir='ltr' id='par_1_7' title="bbox 463 2594 916 2664">
     <span class='ocr_line' id='line_1_10' title="bbox 463 2594 916 2664; baseline -0.004 -1"><span class='ocrx_word' id='word_1_63' title='bbox 463 2595 613 2663; x_wconf 71' lang='lat' dir='ltr'><strong>{ABER</strong></span> <span class='ocrx_word' id='word_1_64' title='bbox 640 2594 916 2664; x_wconf 75' lang='lat' dir='ltr'><strong>SECUNDUS.</strong></span> 
     </span>
    </p>
   </div>
   <div class='ocr_carea' id='block_1_8' title="bbox 222 2745 1153 2834">
    <p class='ocr_par' dir='ltr' id='par_1_8' title="bbox 222 2745 1153 2834">
     <span class='ocr_line' id='line_1_11' title="bbox 222 2745 1153 2834; baseline 0.008 -21"><span class='ocrx_word' id='word_1_65' title='bbox 222 2750 271 2814; x_wconf 88' lang='lat' dir='ltr'><strong>De</strong></span> <span class='ocrx_word' id='word_1_66' title='bbox 292 2746 439 2830; x_wconf 81' lang='lat' dir='ltr'>Syrorum</span> <span class='ocrx_word' id='word_1_67' title='bbox 459 2746 645 2832; x_wconf 27' lang='lat' dir='ltr'><strong>eoelesialet</strong></span> <span class='ocrx_word' id='word_1_68' title='bbox 671 2745 824 2808; x_wconf 81' lang='lat' dir='ltr'><strong>versionis</strong></span> <span class='ocrx_word' id='word_1_69' title='bbox 845 2745 998 2831; x_wconf 76' lang='lat' dir='ltr'><strong>Simplicis</strong></span> <span class='ocrx_word' id='word_1_70' title='bbox 1024 2754 1153 2834; x_wconf 75' lang='lat' dir='ltr'><strong>origine.</strong></span> 
     </span>
    </p>
   </div>
   <div class='ocr_carea' id='block_1_9' title="bbox 101 2905 1275 2987">
    <p class='ocr_par' dir='ltr' id='par_1_9' title="bbox 101 2905 1275 2987">
     <span class='ocr_line' id='line_1_12' title="bbox 101 2905 1275 2987; baseline 0.004 -20"><span class='ocrx_word' id='word_1_71' title='bbox 101 2915 164 2968; x_wconf 80' lang='lat' dir='ltr'><strong>Gur.</strong></span> <span class='ocrx_word' id='word_1_72' title='bbox 184 2911 204 2966; x_wconf 93' lang='grc'><strong>1.</strong></span> <span class='ocrx_word' id='word_1_73' title='bbox 241 2907 378 2963; x_wconf 84' lang='lat' dir='ltr'><strong>Eoolesiae</strong></span> <span class='ocrx_word' id='word_1_74' title='bbox 391 2905 561 2962; x_wconf 77' lang='lat' dir='ltr'><strong>Christianae</strong></span> <span class='ocrx_word' id='word_1_75' title='bbox 572 2910 600 2962; x_wconf 91' lang='lat' dir='ltr'><strong>in</strong></span> <span class='ocrx_word' id='word_1_76' title='bbox 612 2907 692 2978; x_wconf 89' lang='lat' dir='ltr'><strong>Syria</strong></span> <span class='ocrx_word' id='word_1_77' title='bbox 707 2905 856 2977; x_wconf 85' lang='lat' dir='ltr'><strong>primordia</strong></span> <span class='ocrx_word' id='word_1_78' title='bbox 912 2949 918 2962; x_wconf 88' lang='lat'><strong>.</strong></span> <span class='ocrx_word' id='word_1_79' title='bbox 990 2945 995 2958; x_wconf 84' lang='lat'><em>·</em></span> <span class='ocrx_word' id='word_1_80' title='bbox 1068 2953 1074 2968; x_wconf 94' lang='lat'><strong>.</strong></span> <span class='ocrx_word' id='word_1_81' title='bbox 1144 2931 1206 2987; x_wconf 82' lang='lat' dir='ltr'><strong>pag.</strong></span> <span class='ocrx_word' id='word_1_82' title='bbox 1243 2923 1275 2977; x_wconf 83' lang='lat'><strong>51</strong></span> 
     </span>
    </p>
   </div>
   <div class='ocr_carea' id='block_1_10' title="bbox 101 3004 1136 3150">
    <p class='ocr_par' dir='ltr' id='par_1_10' title="bbox 101 3004 1136 3150">
     <span class='ocr_line' id='line_1_13' title="bbox 101 3004 1136 3078; baseline 0.001 -10"><span class='ocrx_word' id='word_1_83' title='bbox 101 3016 167 3071; x_wconf 77' lang='lat' dir='ltr'><strong>(iar.</strong></span> <span class='ocrx_word' id='word_1_84' title='bbox 186 3011 220 3067; x_wconf 87' lang='lat' dir='ltr'><strong>ii.</strong></span> <span class='ocrx_word' id='word_1_85' title='bbox 256 3009 331 3072; x_wconf 84' lang='lat' dir='ltr'><strong>Quae</strong></span> <span class='ocrx_word' id='word_1_86' title='bbox 352 3024 441 3063; x_wconf 90' lang='lat' dir='ltr'><strong>rerum</strong></span> <span class='ocrx_word' id='word_1_87' title='bbox 454 3007 665 3063; x_wconf 79' lang='lat' dir='ltr'><strong>Christianarum</strong></span> <span class='ocrx_word' id='word_1_88' title='bbox 684 3011 712 3061; x_wconf 92' lang='lat' dir='ltr'><strong>in</strong></span> <span class='ocrx_word' id='word_1_89' title='bbox 724 3005 805 3077; x_wconf 87' lang='lat' dir='ltr'><strong>Syria</strong></span> <span class='ocrx_word' id='word_1_90' title='bbox 819 3010 846 3060; x_wconf 85' lang='lat' dir='ltr'><strong>et</strong></span> <span class='ocrx_word' id='word_1_91' title='bbox 860 3004 1058 3078; x_wconf 80' lang='lat' dir='ltr'><strong>Mesopotamia</strong></span> <span class='ocrx_word' id='word_1_92' title='bbox 1072 3028 1136 3069; x_wconf 85' lang='lat' dir='ltr'><strong>oon-</strong></span> 
     </span>
     <span class='ocr_line' id='line_1_14' title="bbox 172 3092 703 3150; baseline -0.009 -1"><span class='ocrx_word' id='word_1_93' title='bbox 172 3097 238 3149; x_wconf 84' lang='lat' dir='ltr'><strong>ditio</strong></span> <span class='ocrx_word' id='word_1_94' title='bbox 255 3095 336 3148; x_wconf 87' lang='lat' dir='ltr'><strong>iuerit</strong></span> <span class='ocrx_word' id='word_1_95' title='bbox 348 3107 433 3148; x_wconf 83' lang='lat' dir='ltr'><strong>saeuo.</strong></span> <span class='ocrx_word' id='word_1_96' title='bbox 446 3092 562 3148; x_wconf 87' lang='lat' dir='ltr'><strong>seeundo</strong></span> <span class='ocrx_word' id='word_1_97' title='bbox 579 3096 605 3146; x_wconf 86' lang='lat' dir='ltr'><strong>et</strong></span> <span class='ocrx_word' id='word_1_98' title='bbox 621 3093 703 3150; x_wconf 85' lang='lat' dir='ltr'><strong>tertio</strong></span> 
     </span>
    </p>
   </div>
   <div class='ocr_carea' id='block_1_11' title="bbox 103 3190 1277 3352">
    <p class='ocr_par' dir='ltr' id='par_1_11' title="bbox 103 3190 1277 3352">
     <span class='ocr_line' id='line_1_15' title="bbox 103 3190 1139 3272; baseline 0.004 -20"><span class='ocrx_word' id='word_1_99' title='bbox 103 3200 168 3253; x_wconf 81' lang='lat' dir='ltr'><strong>Gne.</strong></span> <span class='ocrx_word' id='word_1_100' title='bbox 191 3196 236 3252; x_wconf 85' lang='grc' dir='ltr'><strong>ΠΙ.</strong></span> <span class='ocrx_word' id='word_1_101' title='bbox 272 3195 311 3249; x_wconf 89' lang='lat' dir='ltr'><strong>Do</strong></span> <span class='ocrx_word' id='word_1_102' title='bbox 331 3195 436 3264; x_wconf 80' lang='lat' dir='ltr'><strong>origine</strong></span> <span class='ocrx_word' id='word_1_103' title='bbox 457 3194 592 3248; x_wconf 80' lang='lat' dir='ltr'><strong>versionis</strong></span> <span class='ocrx_word' id='word_1_104' title='bbox 613 3190 742 3262; x_wconf 74' lang='lat' dir='ltr'><strong>Syriacae</strong></span> <span class='ocrx_word' id='word_1_105' title='bbox 760 3191 872 3246; x_wconf 85' lang='lat' dir='ltr'><strong>traditio</strong></span> <span class='ocrx_word' id='word_1_106' title='bbox 887 3191 1015 3264; x_wconf 84' lang='lat' dir='ltr'><strong>Syrorum</strong></span> <span class='ocrx_word' id='word_1_107' title='bbox 1029 3201 1139 3272; x_wconf 89' lang='lat' dir='ltr'><strong>eiusque</strong></span> 
     </span>
     <span class='ocr_line' id='line_1_16' title="bbox 168 3283 1277 3352; baseline -0.011 -15"><span class='ocrx_word' id='word_1_108' title='bbox 168 3287 251 3339; x_wconf 88' lang='lat' dir='ltr'><strong>testes</strong></span> <span class='ocrx_word' id='word_1_109' title='bbox 265 3283 444 3352; x_wconf 80' lang='lat' dir='ltr'><strong>antiquissimi</strong></span> <span class='ocrx_word' id='word_1_110' title='bbox 462 3313 1091 3342; x_wconf 71' lang='grc'><strong>.........</strong></span> <span class='ocrx_word' id='word_1_111' title='bbox 1163 3314 1172 3341; x_wconf 79' lang='lat'>=</span> <span class='ocrx_word' id='word_1_112' title='bbox 1243 3298 1277 3351; x_wconf 73' lang='lat'><strong>60</strong></span> 
     </span>
    </p>
   </div>
   <div class='ocr_carea' id='block_1_12' title="bbox 99 3378 1276 3542">
    <p class='ocr_par' dir='ltr' id='par_1_12' title="bbox 99 3378 1276 3542">
     <span class='ocr_line' id='line_1_17' title="bbox 99 3378 1274 3453; baseline 0.001 -13"><span class='ocrx_word' id='word_1_113' title='bbox 99 3387 166 3442; x_wconf 75' lang='lat' dir='ltr'><strong>Gur.</strong></span> <span class='ocrx_word' id='word_1_114' title='bbox 183 3383 229 3439; x_wconf 86' lang='lat' dir='ltr'><strong>lv.</strong></span> <span class='ocrx_word' id='word_1_115' title='bbox 257 3379 377 3436; x_wconf 77' lang='lat' dir='ltr'><strong>Graecae</strong></span> <span class='ocrx_word' id='word_1_116' title='bbox 392 3379 559 3451; x_wconf 76' lang='lat' dir='ltr'><strong>et&#39;Syriaoae</strong></span> <span class='ocrx_word' id='word_1_117' title='bbox 574 3382 685 3451; x_wconf 81' lang='lat' dir='ltr'><strong>linguae</strong></span> <span class='ocrx_word' id='word_1_118' title='bbox 698 3381 726 3433; x_wconf 92' lang='lat' dir='ltr'><strong>in</strong></span> <span class='ocrx_word' id='word_1_119' title='bbox 740 3383 854 3449; x_wconf 87' lang='lat' dir='ltr'><strong>utraque</strong></span> <span class='ocrx_word' id='word_1_120' title='bbox 867 3378 947 3451; x_wconf 90' lang='lat' dir='ltr'><strong>Syria</strong></span> <span class='ocrx_word' id='word_1_121' title='bbox 961 3387 1125 3442; x_wconf 82' lang='lat' dir='ltr'><strong>consuetudo</strong></span> <span class='ocrx_word' id='word_1_122' title='bbox 1161 3416 1171 3442; x_wconf 64' lang='grc' dir='ltr'><strong><em>ς</em></strong></span> <span class='ocrx_word' id='word_1_123' title='bbox 1240 3404 1274 3453; x_wconf 59' lang='grc'><strong>,71</strong></span> 
     </span>
     <span class='ocr_line' id='line_1_18' title="bbox 100 3461 1276 3542; baseline 0.002 -18"><span class='ocrx_word' id='word_1_124' title='bbox 100 3471 166 3525; x_wconf 79' lang='lat' dir='ltr'><strong>(inr-</strong></span> <span class='ocrx_word' id='word_1_125' title='bbox 178 3469 210 3526; x_wconf 85' lang='lat' dir='ltr'><strong>V.</strong></span> <span class='ocrx_word' id='word_1_126' title='bbox 231 3466 300 3530; x_wconf 83' lang='lat' dir='ltr'><strong>Quid</strong></span> <span class='ocrx_word' id='word_1_127' title='bbox 312 3482 345 3521; x_wconf 85' lang='lat' dir='ltr'><strong>ex</strong></span> <span class='ocrx_word' id='word_1_128' title='bbox 355 3467 490 3523; x_wconf 79' lang='lat' dir='ltr'><strong>versionis</strong></span> <span class='ocrx_word' id='word_1_129' title='bbox 504 3469 589 3537; x_wconf 88' lang='lat' dir='ltr'><strong>ipsius</strong></span> <span class='ocrx_word' id='word_1_130' title='bbox 601 3461 692 3518; x_wconf 87' lang='lat' dir='ltr'><strong>indole</strong></span> <span class='ocrx_word' id='word_1_131' title='bbox 702 3463 735 3519; x_wconf 82' lang='lat' dir='ltr'><strong>de</strong></span> <span class='ocrx_word' id='word_1_132' title='bbox 748 3466 805 3519; x_wconf 88' lang='lat' dir='ltr'><strong>eius</strong></span> <span class='ocrx_word' id='word_1_133' title='bbox 815 3466 922 3536; x_wconf 82' lang='lat' dir='ltr'><strong>origine</strong></span> <span class='ocrx_word' id='word_1_134' title='bbox 932 3471 1029 3524; x_wconf 88' lang='lat' dir='ltr'><strong>ooniiei</strong></span> <span class='ocrx_word' id='word_1_135' title='bbox 1039 3477 1127 3542; x_wconf 87' lang='lat' dir='ltr'><strong>possit</strong></span> <span class='ocrx_word' id='word_1_136' title='bbox 1162 3501 1172 3528; x_wconf 64' lang='grc' dir='ltr'><strong><em>ς</em></strong></span> <span class='ocrx_word' id='word_1_137' title='bbox 1242 3483 1276 3538; x_wconf 73' lang='grc'><strong>85</strong></span> 
     </span>
    </p>
   </div>
   <div class='ocr_carea' id='block_1_13' title="bbox 167 3565 1137 3726">
    <p class='ocr_par' dir='ltr' id='par_1_13' title="bbox 167 3565 1137 3726">
     <span class='ocr_line' id='line_1_19' title="bbox 239 3565 1137 3638; baseline 0.01 -14"><span class='ocrx_word' id='word_1_138' title='bbox 239 3567 391 3625; x_wconf 85' lang='lat' dir='ltr'><strong>Exauasus.</strong></span> <span class='ocrx_word' id='word_1_139' title='bbox 426 3567 465 3623; x_wconf 88' lang='lat' dir='ltr'><strong>De</strong></span> <span class='ocrx_word' id='word_1_140' title='bbox 478 3565 693 3638; x_wconf 82' lang='lat' dir='ltr'><strong>Mesopotamiae</strong></span> <span class='ocrx_word' id='word_1_141' title='bbox 707 3568 778 3620; x_wconf 88' lang='lat' dir='ltr'><strong>statu</strong></span> <span class='ocrx_word' id='word_1_142' title='bbox 791 3567 885 3634; x_wconf 85' lang='lat' dir='ltr'><strong>primis</strong></span> <span class='ocrx_word' id='word_1_143' title='bbox 901 3583 926 3637; x_wconf 88' lang='lat' dir='ltr'><strong>p.</strong></span> <span class='ocrx_word' id='word_1_144' title='bbox 945 3567 1006 3624; x_wconf 82' lang='lat' dir='ltr'><strong>Chr.</strong></span> <span class='ocrx_word' id='word_1_145' title='bbox 1022 3577 1137 3632; x_wconf 89' lang='lat' dir='ltr'><strong>saeoulis</strong></span> 
     </span>
     <span class='ocr_line' id='line_1_20' title="bbox 167 3654 471 3726; baseline 0 -18"><span class='ocrx_word' id='word_1_146' title='bbox 167 3656 253 3726; x_wconf 79' lang='lat' dir='ltr'><strong>deque</strong></span> <span class='ocrx_word' id='word_1_147' title='bbox 273 3654 383 3726; x_wconf 78' lang='lat' dir='ltr'><strong>nugam</strong></span> <span class='ocrx_word' id='word_1_148' title='bbox 406 3669 471 3725; x_wconf 86' lang='lat' dir='ltr'><strong>rege</strong></span> 
     </span>
    </p>
   </div>
   <div class='ocr_carea' id='block_1_14' title="bbox 271 3853 1101 4088">
    <p class='ocr_par' dir='ltr' id='par_1_14' title="bbox 271 3853 1101 4088">
     <span class='ocr_line' id='line_1_21' title="bbox 486 3853 891 3936; baseline 0 -14"><span class='ocrx_word' id='word_1_149' title='bbox 486 3855 634 3936; x_wconf 76' lang='lat' dir='ltr'><strong>stanit</strong></span> <span class='ocrx_word' id='word_1_150' title='bbox 662 3853 891 3922; x_wconf 74' lang='lat' dir='ltr'><strong>TERTIUS.</strong></span> 
     </span>
     <span class='ocr_line' id='line_1_22' title="bbox 271 4003 1101 4088; baseline 0.005 -18"><span class='ocrx_word' id='word_1_151' title='bbox 271 4005 431 4071; x_wconf 87' lang='lat' dir='ltr'><strong>Versiouis</strong></span> <span class='ocrx_word' id='word_1_152' title='bbox 453 4003 603 4087; x_wconf 80' lang='lat' dir='ltr'><strong>Syriaeue</strong></span> <span class='ocrx_word' id='word_1_153' title='bbox 623 4004 777 4088; x_wconf 84' lang='lat' dir='ltr'><strong>Simplicis</strong></span> <span class='ocrx_word' id='word_1_154' title='bbox 797 4005 923 4071; x_wconf 84' lang='lat' dir='ltr'><strong>historia</strong></span> <span class='ocrx_word' id='word_1_155' title='bbox 943 4007 1101 4076; x_wconf 84' lang='lat' dir='ltr'><strong>litteraria.</strong></span> 
     </span>
    </p>
   </div>
   <div class='ocr_carea' id='block_1_15' title="bbox 97 4165 1363 4460">
    <p class='ocr_par' dir='ltr' id='par_1_15' title="bbox 97 4165 1363 4460">
     <span class='ocr_line' id='line_1_23' title="bbox 99 4165 1363 4247; baseline 0.006 -28"><span class='ocrx_word' id='word_1_156' title='bbox 99 4167 164 4220; x_wconf 78' lang='lat' dir='ltr'><strong>Gur.</strong></span> <span class='ocrx_word' id='word_1_157' title='bbox 180 4165 203 4220; x_wconf 86' lang='lat' dir='ltr'><strong>i.</strong></span> <span class='ocrx_word' id='word_1_158' title='bbox 239 4167 394 4222; x_wconf 83' lang='lat' dir='ltr'><strong>Studiorum</strong></span> <span class='ocrx_word' id='word_1_159' title='bbox 409 4168 612 4237; x_wconf 76' lang='lat' dir='ltr'><strong>litterarumque</strong></span> <span class='ocrx_word' id='word_1_160' title='bbox 632 4165 703 4236; x_wconf 87' lang='lat' dir='ltr'><strong>apud</strong></span> <span class='ocrx_word' id='word_1_161' title='bbox 717 4165 801 4238; x_wconf 88' lang='lat' dir='ltr'><strong>Syros</strong></span> <span class='ocrx_word' id='word_1_162' title='bbox 817 4170 887 4222; x_wconf 89' lang='lat' dir='ltr'><strong>ratio</strong></span> <span class='ocrx_word' id='word_1_163' title='bbox 903 4173 929 4221; x_wconf 92' lang='lat' dir='ltr'><strong>et</strong></span> <span class='ocrx_word' id='word_1_164' title='bbox 943 4171 1107 4226; x_wconf 81' lang='lat' dir='ltr'><strong>consuetudo</strong></span> <span class='ocrx_word' id='word_1_165' title='bbox 1143 4190 1204 4247; x_wconf 83' lang='lat' dir='ltr'><strong>pag.</strong></span> <span class='ocrx_word' id='word_1_166' title='bbox 1224 4185 1275 4237; x_wconf 84' lang='lat'><strong>122</strong></span> <span class='ocrx_word' id='word_1_167' title='bbox 1361 4173 1363 4179; x_wconf 85' lang='lat'>&#39;</span> 
     </span>
     <span class='ocr_line' id='line_1_24' title="bbox 98 4264 1275 4338; baseline 0 -18"><span class='ocrx_word' id='word_1_168' title='bbox 98 4267 163 4321; x_wconf 82' lang='lat' dir='ltr'><strong>Gur.</strong></span> <span class='ocrx_word' id='word_1_169' title='bbox 185 4266 220 4324; x_wconf 88' lang='lat' dir='ltr'><strong>il.</strong></span> <span class='ocrx_word' id='word_1_170' title='bbox 257 4268 483 4325; x_wconf 82' lang='lat' dir='ltr'><strong>Nestorianorum</strong></span> <span class='ocrx_word' id='word_1_171' title='bbox 500 4266 716 4324; x_wconf 86' lang='lat' dir='ltr'><strong>etlaoobitarum</strong></span> <span class='ocrx_word' id='word_1_172' title='bbox 730 4264 949 4326; x_wconf 77' lang='lat' dir='ltr'><strong>historialurevis</strong></span> <span class='ocrx_word' id='word_1_173' title='bbox 1019 4313 1025 4326; x_wconf 88' lang='lat'><em>.</em></span> <span class='ocrx_word' id='word_1_174' title='bbox 1098 4315 1103 4329; x_wconf 89' lang='grc'>,</span> <span class='ocrx_word' id='word_1_175' title='bbox 1175 4300 1185 4328; x_wconf 79' lang='lat'><em>=</em></span> <span class='ocrx_word' id='word_1_176' title='bbox 1225 4287 1275 4338; x_wconf 75' lang='lat'><strong>126</strong></span> 
     </span>
     <span class='ocr_line' id='line_1_25' title="bbox 97 4367 1275 4460; baseline 0.008 -40"><span class='ocrx_word' id='word_1_177' title='bbox 97 4367 161 4422; x_wconf 80' lang='lat' dir='ltr'><strong>Gur.</strong></span> <span class='ocrx_word' id='word_1_178' title='bbox 180 4367 226 4460; x_wconf 77' lang='lat' dir='ltr'><strong>ili.</strong></span> <span class='ocrx_word' id='word_1_179' title='bbox 264 4368 377 4425; x_wconf 82' lang='lat' dir='ltr'><strong>Codices</strong></span> <span class='ocrx_word' id='word_1_180' title='bbox 398 4368 606 4442; x_wconf 83' lang='lat' dir='ltr'><strong>Evangeliorum</strong></span> <span class='ocrx_word' id='word_1_181' title='bbox 627 4369 806 4440; x_wconf 86' lang='lat' dir='ltr'><strong>antiquissimi</strong></span> <span class='ocrx_word' id='word_1_182' title='bbox 820 4384 853 4424; x_wconf 89' lang='lat' dir='ltr'><strong>ex</strong></span> <span class='ocrx_word' id='word_1_183' title='bbox 867 4367 977 4426; x_wconf 86' lang='lat' dir='ltr'><strong>Oriente</strong></span> <span class='ocrx_word' id='word_1_184' title='bbox 989 4372 1065 4426; x_wconf 89' lang='lat' dir='ltr'><strong>allati</strong></span> <span class='ocrx_word' id='word_1_185' title='bbox 1100 4417 1106 4430; x_wconf 95' lang='lat'>.</span> <span class='ocrx_word' id='word_1_186' title='bbox 1176 4403 1186 4429; x_wconf 60' lang='grc' dir='ltr'><strong><em>ς</em></strong></span> <span class='ocrx_word' id='word_1_187' title='bbox 1227 4387 1275 4438; x_wconf 81' lang='lat'><strong>137</strong></span> 
     </span>
    </p>
   </div>
   <div class='ocr_carea' id='block_1_16' title="bbox 0 0 1527 5012">
    <p class='ocr_par' dir='ltr' id='par_1_16' title="bbox 0 0 1527 5012">
     <span class='ocr_line' id='line_1_26' title="bbox 0 0 1527 5012; baseline 0 0"><span class='ocrx_word' id='word_1_188' title='bbox 0 0 1527 5012; x_wconf 95' lang='lat' dir='ltr'><strong> </strong></span> 
     </span>
    </p>
   </div>
  </div>
 </body>
</html>
