2974 5012
181 220 224 288 36

183 391 364 475 scripturum
390 389 590 455 intercedunt.
633 389 713 450 Sunt
734 387 863 454 maxime
887 391 1122 487 conspicuaelu
1146 407 1202 452 uso
1226 391 1378 471 particu-

185 495 298 584 larorp,
325 493 547 576 pronominum,
577 490 832 571 coniunctionum,
862 492 891 552 in
916 493 1131 571 coniugatione
1155 493 1243 556 verbi
1264 492 1379 575 Apbel

288 727 351 790 lam
372 743 449 788 vero
470 722 527 788 bae
548 723 642 786 dere
664 721 874 802 discrepantes
895 725 1033 786 videmus
1056 725 1188 788 uirorum
1212 724 1377 789 doctorum
1464 705 1465 710 ἵ

188 811 367 896 sententias.
411 825 507 910 Quum
532 826 609 896 enim¹
630 825 782 905 prioribus
806 826 991 906 temporibus
1013 845 1107 908 supra
1130 827 1247 890 modum
1270 845 1378 906 urge-

189 937 275 1000 retur
298 930 462 994 diversitas
485 929 607 1009 Syriaci
630 929 662 989 et
682 924 839 990 Chaldaioi
858 930 1023 1010 sermonis,
1042 931 1085 992 ita
1099 933 1203 992 utnon
1218 930 1377 996 dialecto·
1464 961 1465 1010 ;

189 1055 254 1100 rum
291 1033 347 1096 sed
383 1031 554 1110 linguarum
587 1029 654 1090 tere
685 1029 865 1092 varietatem
892 1034 1081 1112 statuerent,
1115 1033 1172 1094 iam
1200 1032 1298 1096 altera
1328 1049 1377 1094 ex
1426 1079 1430 1086 .
1464 1029 1465 1104 l

190 1139 280 1220 parte
316 1154 353 1198 eo
388 1133 523 1196 nonnulli
551 1134 786 1212 processerunt,
826 1136 860 1194 ut
890 1151 1003 1194 omnem
1030 1136 1145 1196 omuino
1174 1134 1376 1198 dialectorunr
1464 1169 1465 1180 ι

191 1237 422 1320 discrepantiam
451 1238 480 1297 in
500 1235 607 1310 lingua
630 1231 782 1294 Arsinoeo
811 1251 947 1311 negasse
970 1237 1142 1299 videantur.
1186 1236 1375 1318 Hupieldunr

192 1340 263 1406 dico
282 1337 386 1419 (sonu.
406 1357 435 1399 u
457 1337 536 1400 Krit.
563 1332 658 1398 1830.
680 1355 712 1416 p.
735 1331 848 1418 391.‚]
878 1339 964 1398 cuius
983 1339 1152 1400 sententiae
1176 1337 1214 1398 de
1235 1337 1377 1403 Wettius

191 1441 338 1507 calculum
376 1439 526 1520 adiecit,
545 1437 731 1500 contradixit
769 1435 1014 1502 Hoeueruiclius
1050 1435 1244 1524 (llinleitung
1275 1437 1307 1519 l,
1346 1439 1376 1502 1.
1464 1433 1465 1522 J

191 1563 268 1626 uas·
292 1541 371 1627 105]
389 1540 431 1626 J

285 1675 330 1740 ld
356 1674 481 1755 primum
502 1669 727 1748 agnoscendum
755 1673 855 1752 est,'
847 1689 876 1739 ru
897 1673 1032 1736 omnibus
1051 1673 1266 1772 Aramaearom
1287 1691 1375 1751 gen·
1464 1645 1465 1658 J

192 1781 264 1844 tium
284 1777 452 1858 prouinciis
474 1792 560 1836 unam
583 1771 770 1856 eandemque
787 1773 921 1852 linguam
946 1777 1105 1856 viguisse,
1133 1777 1162 1838 id
1185 1777 1263 1858 quod
1282 1777 1376 1838 erin-

74 1867 76 1875 '
194 1883 271 1944 citur
289 1881 475 1961 primumex
497 1876 574 1938 locis
595 1893 688 1953 supra
710 1876 847 1938 collectis
855 1898 864 1951 3
886 1879 994 1940 deinde
1016 1898 1058 1940 ex
1081 1879 1376 1942 testimoniis'vete-
1464 1887 1465 1912 ³

194 2003 275 2064 rum,
311 1981 452 2066 imprimis
483 1978 643 2050 Strabonis
681 1974 741 2060 (ll,
779 1977 869 2062 St),
907 1982 958 2062 qui
993 1983 1023 2042 in
1050 1986 1183 2063 utroquo.
1209 1979 1377 2062 Euphratis

194 2089 283 2170 parte
320 2084 445 2148 eandem
471 2083 607 2160 linguam
637 2097 689 2140 ore
722 2082 848 2142 omnium
881 2083 1012 2162 proferri
1043 2084 1181 2157 tradout3
1219 2087 1376 2164 postremo
1464 2157 1465 2160 J

195 2207 238 2256 ex
263 2206 320 2250 usu
349 2185 502 2266 Simplicis
524 2181 694 2244 'Bibliorum
724 2185 876 2246 versionis
908 2185 1042 2248 omnibus
1065 2186 1156 2265 Syris
1177 2187 1256 2250 ultra
1277 2188 1310 2254 et
1329 2187 1376 2246 cis

195 2287 379 2374 Euphratem
404 2287 559 2356 communi.
1040 2301 1046 2314 ·

202 2465 204 2472 ·
297 2423 395 2485 Porro
418 2404 640 2484 observandum
661 2419 711 2478 est
734 2417 781 2496 id,
805 2417 977 2481 Aramaeae
992 2421 1134 2502 antiquae
1151 2421 1275 2498 linguae
1292 2387 1379 2481 nulla

197 2525 263 2587 iere
286 2527 413 2587 exstare
434 2523 643 2600 monumenta,
679 2537 721 2581 ex
744 2519 852 2601 quibus
874 2525 1020 2587 sermonis
1044 2522 1161 2584 indoles
1185 2523 1274 2604 plane
1298 2541 1376 2604 per-

197 2628 274 2708 spici
293 2627 405 2708 pnssit.
450 2623 567 2696 ¹biterrim
591 2641 672 2706 quae·
693 2623 875 2710 posterioris
896 2607 1040 2716 temporis
1061 2625 1268 2705 scripta'satis
1283 2626 1376 2688 multa

195 2729 358 2810 babemus,
400 2727 476 2790 duas
510 2725 541 2786 in
569 2730 677 2815 partes
705 2725 858 2806 abierunt,
895 2728 1042 2808 Syrorum
1077 2725 1313 2795 christianorum
1343 2733 1377 2792 et

196 2833 374 2900 ludaeorum
390 2828 555 2899 chaldaice
573 2829 771 2912 loquentium.
813 2827 1058 2890 iliorumsermo
1081 2830 1174 2891 multa
1196 2851 1237 2894 ex
1255 2832 1375 2894 Graeco

197 2935 298 2997 bausit
319 2935 497 3014 minimeque
521 2950 616 3012 purus
639 2929 793 2992 babendus
816 2934 866 2993 est
887 2935 919 2995 et
941 2933 992 3014 qui
1013 2934 1198 3014 antiquitatis
1214 2935 1376 3014 genuinam

196 3037 325 3098 indolem
351 3034 502 3098 redoleat.
546 3032 650 3096 ludaei
670 3037 770 3098 autern
789 3053 854 3096 oum
874 3035 1051 3098 llebruisouo
1073 3055 1109 3097 eo
1133 3038 1232 3116 magis
1245 3037 1376 3116 Syrias-

197 3155 274 3199 mum
303 3134 567 3214 conformabant„
582 3154 642 3216 que
664 3135 794 3215 diutius,
832 3135 1055 3200 aCbristianis
1085 3139 1287 3218 gentibusque
1317 3155 1374 3198 se-

197 3241 290 3302 iuncti
317 3242 350 3301 et
379 3235 418 3298 V.
446 3235 485 3296 Τ.
513 3235 580 3298 lere
611 3237 677 3299 solo
708 3238 849 3320 occupati
873 3242 1025 3332 propriam
1048 3241 1194 3323 quandam
1213 3239 1373 3301 dialectum

198 3343 230 3403 et
251 3339 418 3412 litterarum
439 3337 584 3422 vitaeque
605 3339 729 3402 iorroam
751 3340 936 3404 excolebant
950 3335 991 3424 3).

198 3509 202 3520 J
300 3437 345 3504 nt
373 3451 450 3504 vero
479 3438 510 3502 ld
537 3441 564 3503 si
585 3441 738 3524 llupicldo
762 3443 900 3521 dederis,
931 3461 1029 3506 meror
1052 3459 1123 3506 esse
1149 3463 1264 3524 nugas,
1296 3445 1375 3524 quod

196 3541 373 3628 dilelectis,
410 3540 609 3638 lllcbhorniuu
636 3545 688 3612 alil
715 3543 883 3610 Arauraeos
910 3545 1059 3612 dialectos
1087 3545 1311 3610 Occidentalem
1343 3547 1376 3610 et

201 3706 398 3778 ...ἦ-...Δ-
532 3743 533 3746 ,

216 3819 218 3822 ¹
300 3843 405 3910 r..)Gi
411 3847 490 3898 etiarn
509 3845 649 3911 wluerus,
675 3843 705 3899 lt
725 3845 765 3903 W
785 3862 807 3900 a.
825 3863 849 3902 u.
868 3846 1005 3916 Syrien.-

297 3941 331 4006 2)
297 3940 384 3997 2Si
402 3949 560 4011 punctorum
583 3941 715 4000 vocalium
735 3959 789 4002 non
805 3942 889 3996 babes
908 3947 1054 4009 rationem,
1078 3948 1132 3996 tam
1151 3943 1253 3996 similis
1264 3949 1306 3998 est
1324 3923 1373 3998 lin·

192 4035 249 4095 gua
269 4023 383 4094 Syriaca
407 4025 573 4091 Chaldaeae,
603 4025 633 4080 ut
661 4025 775 4082 ludaeos
806 4027 913 4098 quidam
936 4028 1031 4082 doctus
1057 4025 1186 4084 bliclraeli
1212 4033 1372 4096 narraverit,

193 4125 253 4163 esse
279 4123 309 4164 oe
337 4117 441 4166 ιιιιιιιιι
466 4111 499 4165 N.
528 4111 561 4167 T.
582 4110 766 4176 Chaldaicum
793 4111 863 4182 quod
882 4117 941 4166 erat
959 4111 1098 4182 Syriacum
1117 4113 1216 4166 litteris
1236 4105 1373 4167 exaratum

192 4191 331 4250 Hebraeis.
367 4194 407 4249 ur.
431 4195 454 4251 l
479 4195 510 4248 ι).
538 4191 694 4261 Michaelis,
726 4195 906 4266 Abbandluug
931 4212 984 4296 uon
1010 4195 1059 4250 der
1088 4195 1228 4266 sprioobon
1254 4197 1371 4269 Spracbc

191 4279 245 4333 und
263 4278 347 4336 lbrem
367 4279 517 4336 Gebrauob.
532 4293 594 4350 pag.
613 4283 639 4336 5.
1165 4325 1168 4332 .
