2974 5012
1236 316 1280 384 49

6 469 12 508 i
87 473 183 534 natio·
201 472 405 534 femininam.
426 472 609 540 elicrehator
629 483 744 558 pero,
769 469 824 553 ,cip
846 493 897 560 gr.
921 481 1036 561 Θουριι
1056 515 1099 529 -
1122 487 1221 550 Aurei
1236 483 1277 572 ¹),

9 575 11 584 ’
89 575 190 653 Dido,
217 571 387 653 Carthago.
433 575 557 640 Vocalis
587 595 605 638 o
635 583 734 641 autem
757 581 865 644 transit
889 581 969 661 apud
992 581 1162 648 Phoenices
1189 589 1219 649 in
1247 609 1278 650 ιι.

91 675 175 738 Satis
189 695 280 756 porro
294 681 427 758 constat,
451 677 621 760 Phoenices
634 699 692 742 non
707 663 804 744 solum
821 684 851 744 in
866 681 1035 765 Galilaea,
1026 683 1259 788 Οοοιιεγιίι,“
1250 707 1279 752 ιιι

6 793 10 804 ·
86 777 183 858 Syria
211 779 403 842 Damascena
424 782 457 842 et
480 781 686 864 Palmyrena
686 781 828 846 hahuisse
843 785 994 853 colonias
1015 805 1103 868 suas,
1132 789 1276 874 emporia,

6 895 10 908 ’
87 883 205 955 riarum
224 871 345 963 torique
374 885 598 964 commercium,
633 887 688 948 sed
711 889 800 949 etiam
820 905 922 950 eorum
947 889 1121 968 plurimos·
1112 907 1142 952 ιιι
1165 891 1276 955 illeso-2

88 985 242 1063 potamia,
278 984 318 1044 ad
332 983 528 1064 Euphratem
554 988 683 1048 maxime
709 991 810 1055 sedes
827 989 981 1052 hahuisse.
1035 989 1158 1055 Gessit'
1168 994 1274 1074 lingua

88 1085 273 1146 Phoenicum
303 1089 440 1166 tempore
466 1087 691 1151 Seleucidarom
719 1093 752 1153 ct
782 1091 984 1154 Romanorum
1008 1095 1116 1173 partim
1138 1094 1275 1159 Graecae

6 1205 8 1216 ’
90 1189 198 1268 partim
229 1205 306 1249 vero
324 1188 511 1264 Ararrraeae3
539 1195 574 1255 ot
596 1195 695 1255 autern
714 1193 789 1273 ipsa
806 1194 900 1257 molta
921 1193 1037 1274 pridem
1059 1213 1101 1256 ex
1120 1195 1274 1264 Aramaea

6 1319 7 1334 ι
89 1288 192 1367 lingna
214 1294 396 1372 receperat,
421 1293 463 1352 ita
485 1290 637 1378 Aramaea
659 1294 765 1376 lingua
785 1293 845 1356 illis
864 1297 893 1357 lu
915 1295 1209 1372 terris-Phoeniciae
1225 1302 1272 1362 si-

87 1390 164 1452 milis
185 1394 298 1456 erasit.
341 1391 436 1454 Simul
457 1395 559 1457 rudior
580 1396 663 1458 iacta
683 1400 749 1487 est,
779 1413 821 1456 cx
841 1397 963 1488 oppidis
984 1399 1014 1466 ln
1033 1399 1122 1458 vicos
1145 1399 1274 1479 depulsa

89 1495 128 1553 et·
151 1510 210 1576 ,ore
246 1496 360 1554 tantum
392 1497 592 1572 agrestiorum
626 1497 773 1586 hominum
803 1497 924 1578 prolata
944 1491 986 1580 ²).
1036 1497 1150 1580 Neque·
1173 1502 1274 1563 tamen

89 1596 191 1674 potuit
227 1597 298 1677 quin
331 1595 449 1660 Graeca
483 1599 959 1685 multavoeanumreciperet,
994 1601 1140 1678 maxime,
1180 1595 1272 1683 quom

89 1698 139 1777 qui
166 1697 334 1760 eruditione
361 1699 498 1762 caruisse
531 1701 675 1764 videram
701 1707 734 1766 et
755 1704 784 1764 ln
819 1701 982 1764 solitudine
1014 1703 1069 1766 vel
1094 1720 1152 1784 per
1182 1703 1271 1766 vicos

86 1799 219 1879 dispersi
255 1801 394 1880 inerant,
430 1805 542 1882 postea
572 1805 602 1865 in
631 1807 754 1887 oppidis
779 1805 980 1884 congregati,
1017 1803 1142 1883 primum
1169 1823 1270 1899 inopes

86 1886 271 1964 Graecorum
303 1904 410 1964 deinde
441 1903 605 1974 doctrinam
619 1905 828 1996 ,Christianam
849 1905 1041 1968 docerentur.
1083 1903 1131 1970 lta
1154 1907 1269 1968 demum

85 2003 260 2066 Aramaeae
281 2004 407 2083 linguae
431 2007 580 2068 dialectos
601 2007 732 2087 prodiit,
754 2005 854 2089 qualis
867 2005 1069 2070 lacohitarunr
1084 2007 1152 2068 erat
1166 2009 1199 2069 et
1212 2003 1270 2068 cur-¹

27 2093 32 2103 ’
83 2109 132 2168 ius
154 2111 321 2188 praecepta
344 2109 541 2197 grammatica
564 2107 781 2178 ln,0ccidentc
804 2108 981 2190 propagata
1002 2107 1081 2168 sunt.

186 2229 383 2339 ne'magoa·
402 2239 598 2326 dialectorum
625 2265 774 2326 uarietate
798 2266 835 2354 'ct
861 2262 985 2340 linguae
1005 2258 1176 2322 Aramaeae
1196 2277 1268 2323 cor-

84 2363 228 2443 ruptione
249 2366 410 2446 queruutur
434 2365 493 2446 ipsi
513 2369 624 2446 postea
649 2365 734 2445 Syri.
779 2364 911 2434 lacobus
923 2363 1098 2424 Edessenus
1127 2355 1270 2444 quattuor

83 2465 174 2528 atlert
205 2469 368 2547 auctores,
416 2485 538 2548 quorum
567 2449 734 2530 sermonem
763 2469 901 2549 tanquam
925 2465 1269 2546 normamsequendunr

83 2569 213 2647 suadet,
251 2568 469 2649 llphraenrum,
509 2567 652 2632 lacohum
678 2567 907 2649 Sarogenrcin,
935 2566 1073 2630 isaacum
1099 2565 1211 2644 Syrum
1239 2568 1271 2628 ct

83 2670 233 2733 Xenalam
255 2671 497 2750 hiabugenscm,
528 2672 605 2733 unde
637 2673 712 2732 satis
734 2673 903 2750 evincitur,
933 2669 1021 2750 apud¹
1037 2670 1158 2730 ceteros
1178 2667 1270 2752 multa

84 2790 154 2833 eum
180 2775 350 2854 reperisse,
389 2791 468 2856 quae
496 2792 514 2835 a
543 2776 630 2846 recta
659 2759 928 2852 nng'oae'tra'mne
959 2771 1146 2832 aberrarent.
1194 2769 1271 2854 Quia

84 2874 174 2936 solae
195 2881 395 2939 consonantes
413 2877 566 2964 scriptura
587 2875 863 2952 consignabantur,
892 2869 1142 2954 pronuntiationis
1163 2868 1270 2928 varie-

83 2977 160 3040 tas
152 2995 181 3038 ιιι
202 2977 287 3040 libris
305 2979 429 3059 scriptis
450 2980 507 3040 vix
532 2978 700 3039 ohservata
722 2980 789 3048 est3
812 2977 869 3038 sed
890 2977 980 3044 etiam
1003 2975 1034 3034 in
1051 2967 1270 3033 vocabulorum

85 3097 143 3139 osu
180 3079 331 3161 rehusqoe
358 3079 563 3160 grammaticis
592 3077 788 3138 dialectoruor
817 3095 928 3155 magna
961 3077 1028 3136 erat
1054 3071 1270 3150 discrepantia

87 3179 277 3242 Assemanus
313 3185 414 3263 notat,
460 3157 660 3244 laoohitar‘um
695 3181 733 3240 et
762 3179 1008 3243 Nestorianorum
1047 3169 1272 3254 grammaticam

86 3285 212 3361 praeter
234 3285 403 3345 varietates
424 3301 516 3364 supra
541 3285 703 3364 expositas
715 3281 797 3342 allis
818 3281 937 3362 quoque
959 3281 1051 3342 rebus
1065 3276 1188 3338 minoris·
1204 3293 1272 3336 nro-

88 3385 180 3444 menti
213 3385 365 3448 diversam
396 3403 477 3446 esse.
528 3385 785 3448 Bar-Hebraeus
814 3401 870 3465 sua
898 3385 1000 3445 aetate
1030 3374 1093 3442 trc's
1124 3370 1273 3439 dialectos

87 3483 268 3565 distinguit,
301 3506 425 3569 quarum
446 3489 703 3566 elegantissimam
727 3487 800 3547 dicit
822 3484 1021 3561 Mamaeam,
1049 3496 1128 3562 quae
1156 3479 1196 3538 sit
1211 3475 1274 3536 lin-

87 3607 152 3663 gua
184 3590 347 3652 incolarum
369 3588 476 3652 ltohae
505 3595 537 3652 et
560 3590 678 3651 Harran
705 3592 737 3648 et
758 3585 869 3664 Syriae
895 3584 1075 3654 exterioris3
1104 3581 1133 3640 ei
1161 3595 1275 3640 succo-

88 3689 163 3750 dere
194 3691 472 3769 Palaestinensem,
514 3710 571 3772 qua
600 3693 721 3752 utantur
742 3686 885 3748 Damasci
907 3687 950 3752 ,et
975 3684 1084 3743 montis
1105 3679 1212 3740 Libani
1244 3678 1277 3738 et

86 3790 202 3869 Syriae
224 3793 375 3854 interioris
396 3794 513 3855 incolae
527 3789 576 3875 ³);
599 3790 725 3852 omnium
740 3784 972 3868 perditissimam
992 3798 1067 3878 esse
1081 3775 1275 3844 chaldaicam

87 3890 296 3974 Nabataeum,
326 3895 355 3954 in
379 3895 528 3958 montibus
554 3891 705 3973 Assyriae
727 3892 761 3952 et
782 3887 873 3980 pagis
896 3884 976 3950 lraci
996 3883 1147 3948 usitatam.
1191 3879 1277 3944 hau-

88 4041 290 4056 ——a—

156 4140 160 4148 -
195 4176 226 4244 1)
245 4178 311 4230 ΜΠ
332 4180 365 4235 cl.
384 4179 493 4236 Denter.
512 4176 642 4242 xxxin,
667 4185 690 4248 ι.
792 4183 794 4188 ·

196 4275 230 4344 2)
246 4276 276 4331 ln
298 4279 404 4349 oppidis
423 4281 517 4352 lingua
533 4275 638 4331 Graeca
656 4269 854 4346 anguicomos.
874 4269 964 4339 Antiq.
983 4266 1060 4333 ΧΠ,
1076 4271 1129 4342 .¹⁰·
1166 4260 1192 4328 §·
1208 4266 1233 4314 2.
1251 4264 1277 4314 3.

193 4377 225 4442 3)
246 4375 353 4449 Syriam
372 4383 526 4435 interiorem
547 4383 574 4433 et
591 4367 752 4431 exteriorem
770 4369 921 4442 Euphrates
939 4369 1047 4423 dirimit.

1001 4451 1024 4514 4
