3006 5004
1238 305 1314 372 nie*

112 474 157 534 ita
179 487 316 552 pressum
341 473 410 550 est,
434 473 466 532 ut
488 469 614 535 abhas
604 489 691 552 rpsor
714 471 805 536 cilicii
826 471 1008 536 Sanctorum
1028 477 1127 540 tomos
1141 480 1175 542 et
1188 475 1297 542 livan-
1389 533 1392 540 .

113 573 230 651 gellam
259 591 315 653 per
346 575 433 636 anni
443 565 584 635 circulum
606 573 785 656 dispositum
808 575 943 638 vendere
966 582 1143 656 cogeretur.
1166 579 1315 664 Neque,

111 675 207 738 multo
234 675 340 737 avellor
369 680 437 740 erat
466 657 711 738 Nestorianorum
739 681 856 742 status.¹
895 679 982 741 Bar·
991 678 1139 742 llebrari
1147 684 1295 764 tempori-

110 778 169 839 bus
204 777 297 858 paulo
329 781 400 857 post
432 777 571 842 inclaruit
602 779 773 842 Ebediesus
803 779 997 862 metropolita
1025 781 1206 864 Nisibenus,
1243 787 1294 867 qui

108 879 199 962 qnasi
220 879 309 941 bnem
330 881 528 960 impositurus
548 883 652 958 gentis
674 901 749 946 suae
767 881 913 946 historiae
933 883 1100 947 litterariae
1116 866 1291 963 catalogum

107 983 291 1062 scriptorum
322 982 472 1062 Syrorum
511 985 661 1066 coniecit,
697 989 802 1048 auctor
836 984 874 1047 ab
906 983 1076 1048 Assemano
1106 986 1292 1066 perexlmius

108 1071 269 1146 dictaret
290 1069 429 1162 eleganti
451 1101 589 1148 sermone
612 1087 725 1156 clarus.
745 1088 819 1174 ⁴³3
840 1086 893 1148 llio
911 1090 1056 1168 'tempore
1072 1086 1169 1149 altam
1193 1087 1290 1149 allen·
1346 1119 1351 1124 ·

108 1187 183 1248 tium
204 1187 320 1266 excipit
339 1185 516 1266 foecundam
539 1189 719 1269 scriptorem
739 1190 875 1271 copiam3
902 1188 933 1250 id
956 1189 1155 1269 unnmSyria
1177 1191 1292 1270 poste-

106 1289 218 1349 riorum
242 1291 408 1368 temporum
431 1287 567 1351 relietum
589 1294 655 1371 cst,
684 1297 717 1356 ut
738 1292 860 1356 codices
880 1309 953 1354 snos
978 1295 1011 1354 et
1033 1308 1201 1353 sermonem
1219 1291 1288 1370 Sy-

106 1392 219 1452 riacum
245 1391 275 1450 in
295 1389 446 1470 Europam
474 1392 691 1475 transferrent,
728 1391 907 1458 emditionls
936 1393 1122 1458 omnimodae
1145 1391 1287 1456 heredem

105 1497 139 1554 et
158 1493 354 1556 venatricem.

819 1633 825 1640 .

593 1647 799 1660 *-

595 1791 699 1912 Ι(ιιι.
724 1845 775 1912 Vl.
913 1941 917 1948 ι

333 1990 410 2072 1ιιι
439 1979 695 2066 editionibus
722 1991 760 2058 N.
791 1991 830 2060 T.
853 1947 1031 2078 Syriaci.
1098 1959 1103 1970 ¹

207 2140 249 2203 Ut
277 2141 399 2221 primum
430 2142 534 2202 textus
559 2107 710 2205 versionis
730 2128 884 2222 Simplicis
906 2141 1006 2204 editus
1029 2142 1095 2222 est,
1120 2139 1282 2202 Wldman-

103 2233 224 2304 stadiu's
253 2244 283 2305 in
314 2241 504 2304 dedicatione
534 2243 571 2304 ad
599 2243 816 2316 Ferdinandum
843 2244 985 2326 scripsit,
1013 2241 1171 2306 Asiaticos
1198 2239 1281 2306 cluri-

103 2347 222 2406 stianos
251 2349 359 2408 vetere
380 2344 527 2422 Syrorum
549 2343 655 2424 lingua
678 2346 786 2408 alios
778 2363 807 2407 m
832 2348 897 2409 vita
918 2345 1043 2424 vulgari
1066 2345 1144 2408 alios
1165 2344 1209 2405 ln
1215 2343 1280 2407 Sa-

103 2446 166 2508 cris
197 2449 308 2508 tantum
331 2447 391 2526 uti,
423 2465 585 2528 eorumque
611 2447 814 2509 incredibilem
843 2465 914 2509 esse
939 2448 1153 2538 multitudinem
1183 2463 1280 2527 usquc

102 2547 143 2609 ad
172 2547 257 2610 linem
288 2549 370 2612 orbis
398 2547 477 2609 illius
501 2549 678 2634 dispersam.
721 2547 829 2630 Neque
851 2547 881 2608 id
902 2531 1027 2628 praeter
1047 2549 1208 2610 veritatem
1230 2549 1280 2608 di-

102 2653 183 2711 etum
212 2653 290 2712 erat.
341 2649 514 2730 Simpliceuu
544 2649 584 2711 N
613 2649 652 2712 Τ.
671 2649 845 2712 versionem
867 2649 980 2714 sontem
1003 2649 1092 2734 quasi
1113 2651 1146 2712 et
1164 2648 1281 2730 princi-

101 2751 184 2831 pium
215 2750 312 2813 luisse
335 2755 456 2814 constat
479 2753 626 2815 maximae
650 2751 792 2814 librorum
823 2749 926 2840 molis,
965 2770 1044 2836 quae
1074 2751 1155 2834 apud
1179 2751 1280 2831 Syros

101 2853 198 2916 multa
225 2871 282 2934 per
311 2853 435 2917 saecula
463 2857 614 2933 congesta
643 2856 711 2927 esta
737 2853 811 2932 Syri
836 2849 935 2914 autem
955 2871 1044 2935 quom
1066 2853 1192 2912 omnium
1214 2853 1280 2911 iere

100 2953 200 3018 Asiae
232 2957 367 3035 gentium
392 2957 533 3036 nragistri
555 2956 685 3035 luerint,
713 2956 778 3016 iure
801 2971 857 3015 suo
878 2953 991 3030 dlaerit
1014 2953 1162 3034 quispiam
1183 2948 1279 3013 Asiae

98 3059 240 3150 litteras,
262 3059 476 3137 eruditionem,
502 3059 666 3120 doctrinam
686 3073 800 3117 omnem
816 3053 918 3118 abhoc
941 3053 1104 3116 Bibllorum
1137 3053 1279 3115 versione
1333 3140 1335 3148 y
1460 3139 1465 3146 ἱ

100 3135 297 3240 repetendam
318 3179 402 3224 esse.
444 3160 542 3246 Quam
562 3158 741 3236 divulgatus
764 3157 874 3237 luerit,
903 3175 979 3240 quas
1001 3175 1097 3240 usque
1120 3155 1159 3219 ad
1180 3160 1279 3220 terras

100 3261 282 3342 pertinuerit
303 3277 376 3326 nsua
399 3262 551 3324 versionis
573 3260 725 3342 Syriacae
747 3278 831 3323 saec.
851 3258 892 3322 V.
905 3262 938 3322 et
949 3257 1163 3343 sequentibus,
1185 3274 1280 3340 snpra

10 3379 14 3396 ·
100 3363 275 3444 expositum
313 3368 373 3427 est.
423 3363 601 3442 [regebatur
638 3366 670 3424 et
707 3347 895 3426 tractabatur
927 3362 1038 3446 ubique
1068 3362 1099 3423 in
1128 3360 1279 3438 eeclesiis,

99 3463 216 3526 scholis
239 3468 272 3529 et
291 3467 490 3538 monasteriis,
504 3485 562 3530 non
584 3464 680 3528 solum
703 3465 965 3547 Mesopotamiae,
996 3449 1168 3552 Assyriae,
1197 3461 1278 3519 Per-

100 3565 194 3646 sidis,
217 3565 371 3646 Amblae,
394 3567 526 3648 Syriae,
562 3569 726 3630 sederant
749 3568 857 3646 etiam,
884 3561 939 3646 'qui
962 3553 1226 3640 Constantinopoli
1246 3561 1280 3619 et

99 3663 310 3730 Alexandriae
332 3668 529 3731 celeberrima
551 3668 608 3732 bac
634 3649 776 3730 versione
799 3657 965 3728 uterentur.
1004 3662 1144 3740 biturgia
1165 3659 1278 3725 Severi

100 3767 299 3833 Patrlarclnae
333 3768 535 3854 Alexandrini
570 3788 588 3832 a
618 3769 766 3830 Fabricio·
787 3765 959 3829 Boderlano
995 3763 1078 3827 edita
1115 3763 1280 3845 pericopas

99 3869 228 3934 biblicas
255 3869 382 3938 exbibet
409 3893 474 3953 cnm
497 3851 634 3953 Simplici
661 3884 788 3951 prorsus
819 3865 1037 3931 convenientes
1052 3861 1093 3950 ¹.)
1144 3864 1195 3928 lix
1216 3883 1277 3946 quo

103 4023 307 4034 ...--.-...-

205 4121 236 4190 1)
205 4123 304 4178 1·οι
321 4124 392 4180 Bibl.
410 4128 476 4182 bibl.
494 4125 535 4182 ed
552 4125 658 4182 Adler:
678 4122 820 4192 „llymnns
840 4119 1005 4185 Zachariae,
1028 4117 1136 4173 Mariae
1153 4116 1278 4185 virginis,

98 4203 254 4273 symeonis,
279 4207 396 4264 historia
414 4210 530 4282 Pbilippi
548 4217 575 4265 et
592 4164 706 4264 ennuclri
727 4207 881 4271 candaces,
900 4203 1038 4259 Nicodemi
1056 4203 1186 4270 historia,
1210 4213 1277 4252 non-

98 4288 173 4342 nulla
199 4305 232 4344 en
256 4306 299 4360 ep.
323 4293 358 4346 ad
376 4293 456 4352 liebr.
482 4299 511 4350 in
533 4287 585 4350 lr'oc
604 4295 675 4350 libro
690 4295 816 4365 leguntur
833 4295 959 4360 excerpta
978 4304 993 4342 e
1010 4303 1081 4343 vers.
1100 4286 1212 4354 antiq'aa
1228 4281 1278 4354 Sy-

98 4387 189 4428 rorum
207 4375 357 4446 Simplicist‘
