2974 5012
1216 287 1260 352 47

6 503 9 514 ·
72 485 133 549 que
158 461 284 525 omniun
306 459 534 522 vlm'ssitudloes
558 455 750 540 (latomisque
774 459 1023 530 iatamiserrlma
1043 457 1101 520 rite
1124 477 1260 542 porpen-

73 568 165 630 derit.
213 563 321 627 Nonne
351 565 445 625 totam
477 561 618 622 librorum
652 559 849 639 Syriaoorum
879 562 1065 640 ierragluem
1092 564 1158 625 iere
1185 563 1262 626 solis

6 689 8 732 ι
76 667 323 730 mutatoriorum
346 664 489 727 claustris
514 657 681 724 debe‘musi
712 663 811 746 Quare
840 681 878 724 eo
906 666 1047 744 tempore
1079 681 1138 746 quo
1161 665 1261 738 Biblla
1322 668 1325 676 ’
1441 651 1446 658 ’

6 809 7 818 1
75 771 291 846 vertebantur,
322 765 502 828 Aramaeam
516 765 655 842 linguam
668 766 838 826 ¹scribendo
862 767 938 826 satis
962 767 1061 828 tritam
1082 767 1180 828 luisse
1202 785 1261 830 non
1369 801 1373 812 .

75 873 256 936 dubltamus.
273 899 280 910 ·
306 869 436 958 Graecis
468 871 568 928 tamen
598 866 709 928 litteris
738 867 880 930 adrectis
910 869 943 930 et
971 867 1102 928 lundata·
1130 867 1262 932 ecelesia

6 1017 7 1024 ι
78 975 252 1040 Christiana
277 988 406 1050 prorsus
435 967 523 1030 aliam
557 968 589 1028 et
607 985 728 1030 nouam·
744 985 842 1048 rerum
865 951 1261 1050 brumaeprumouudiclo-

78 1095 146 1138 uem
168 1059 331 1136 exstitisse
352 1089 414 1132 uou
433 1087 510 1150 opus
534 1069 683 1151 estquod
708 1087 891 1132 moneamus.

181 1173 308 1254 Duplex
325 1175 423 1235 autem
446 1192 544 1234 rerum
566 1174 644 1234 ratio
669 1190 711 1234 ex
735 1170 787 1231 illo
809 1173 945 1256 tempore
964 1171 1180 1249 distinguenda
1196 1174 1261 1244 est3

80 1278 180 1342 multis
202 1277 279 1338 caim
301 1275 342 1336 iu
349 1277 529 1353 regionibus
549 1273 695 1337 Graecam
715 1273 849 1350 linguam
865 1275 959 1353 plane
981 1278 1161 1354 receperant
1177 1275 1261 1354 Syri,

81 1383 108 1441 iu
127 1379 195 1440 aliis
213 1395 293 1440 veru
309 1377 464 1458 propriam
479 1376 612 1453 linguam
637 1375 821 1453 retinentes,
843 1354 962 1454 Graeca
983 1375 1124 1455 exemplu
1146 1377 1262 1456 imitati,
1287 1442 1291 1452 Ι

79 1484 109 1544 in
134 1481 310 1541 uniuersum
337 1495 401 1538 rem
433 1477 609 1540 litterariam
623 1478 681 1540 ‚ad
700 1476 893 1566 Graecorum
911 1467 1052 1539 instituta
1074 1482 1106 1539 et
1126 1495 1263 1540 cousue-

82 1583 214 1646 tudinem
239 1581 427 1642 oouiorruare
454 1581 632 1660 coeperunt.
677 1578 762 1639 lude
782 1579 906 1640 diuersa
933 1591 1031 1640 rerum
1048 1577 1189 1640 condicio
1216 1581 1266 1638 est

80 1686 108 1746 iu
134 1683 315 1760 regionibus
346 1686 406 1744 tum
431 1683 485 1744 ais
503 1681 686 1772 llupbratem
710 1684 768 1742 tum
791 1684 875 1742 trans
900 1699 967 1752 eura
989 1683 1079 1744 sitis:
1113 1679 1147 1741 lu
1169 1680 1265 1759 Syria

80 1786 279 1856 Damascena
299 1787 332 1846 et
354 1771 549 1846 Antiochino
579 1779 684 1860 lingua
709 1781 900 1844 Aramaua
891 1803 920 1844 m
942 1781 1093 1864 ploteium
1119 1785 1151 1844 et
1172 1801 1264 1842 rura-

78 1889 137 1950 lem
164 1899 249 1947 usum
282 1885 406 1970 demorsa
433 1888 475 1968 et
495 1887 657 1961 restricta,
695 1881 832 1960 Edessae
856 1887 916 1946 ct
908 1904 937 1948 ιιι
958 1886 1103 1966 plurimis
1112 1885 1264 1964 lllesopo-

77 1988 189 2050 tamiae
212 1986 334 2066 oppidis
359 2005 418 2050 uon
442 1975 540 2048 solum
565 1987 675 2068 ubique
696 1987 828 2062 uigebat
850 1987 907 2047 sod
931 1989 1053 2048 etiam
1045 2007 1074 2049 ru
1086 1980 1217 2048 sebolis
1233 1989 1266 2046 et

79 2087 244 2154 academiis
279 2087 316 2148 ad
352 2079 532 2168 disciplinae
563 2089 691 2165 regulas
717 2088 929 2150 excolebatur.
976 2089 1080 2174 Quare
1111 2089 1265 2168 puriorem

79 2191 176 2252 luisse
206 2188 338 2266 linguam
362 2189 579 2258 airammum*
569 2209 600 2250 ιιι
613 2175 848 2277 Mesopotamia
876 2191 1038 2253 uerisimile
1068 2193 1133 2270 est,
1163 2190 1265 2269 impu·
1292 2267 1295 2272 ἶ

78 2294 189 2390 riorem
218 2295 252 2353 et
281 2292 469 2360 rudiorem
461 2311 489 2352 m
515 2293 608 2370 Syria
634 2297 757 2373 proprie
783 2295 874 2370 dicta.
918 2293 1036 2354 Etenim
1059 2311 1117 2376 quo
1140 2293 1266 2373 propius

80 2382 148 2460 cum
177 2393 283 2470 lingua
307 2393 427 2456 Graecei
458 2393 657 2470 contingebat
679 2394 848 2474 Aramaua,
888 2413 926 2456 eo
958 2398 1099 2459 maiorem
1123 2395 1264 2457 voeabu-

80 2499 183 2562 lorum
206 2495 448 2576 suppellectilem
467 2515 508 2558 ex
530 2497 583 2558 illa
602 2497 659 2558 sibi
684 2500 842 2577 assumsit,
879 2516 919 2559 eo
941 2499 1061 2561 facilius
1080 2517 1145 2561 cum
1169 2498 1263 2560 rebus

81 2597 362 2684 Graecis-uomina
388 2617 509 2678 quoque
532 2598 651 2660 Graeca
680 2601 806 2662 civitate
830 2599 965 2664 donavit.
1008 2601 1143 2663 Maxima
1165 2602 1265 2662 autem

80 2705 112 2764 in
141 2700 385 2780 pronuntiatione
407 2700 610 2779 discrepantia
637 2704 731 2763 variis
756 2703 784 2762 in
810 2699 988 2778 re'gionibus
1012 2705 1108 2764 fuisse
1131 2701 1265 2763 videtur.

80 2805 184 2890 Recte
206 2802 322 2884 quidem
342 2801 448 2878 lingua
464 2801 612 2864 Aramaea
636 2806 665 2864 in
689 2805 859 2868 uuiversum
875 2803 1209 2883 alardoropoadipitur
1226 2800 1266 2882 ¹),

73 2907 137 2968 'sed
160 2906 239 2966 iuter
262 2903 357 2984 ipsius
378 2902 526 2966 dialectos
550 2905 647 2966 altera
670 2905 794 2966 alteram
817 2904 950 2974 ruditate
972 2908 1004 2966 et
1024 2904 1266 2984 pronuntiatione

80 3010 164 3086 lata,
203 3007 289 3066 lusca
330 3007 373 3069 et
399 3005 507 3068 obtusa
540 3006 707 3083 superavit.
759 3003 893 3072 Maxime
922 3005 951 3064 id
978 3005 1009 3064 in
1029 3005 1266 3067 consonantium

82 3107 250 3172 mutatione
281 3109 313 3166 et
340 3105 490 3167 uocaliuru
518 3105 716 3167 distractione
744 3108 777 3166 et
800 3108 1026 3186 compressione
1049 3107 1190 3172 cernitur.
1233 3106 1267 3168 lu

21 3257 22 3264 ,
83 3208 226 3275 Galilaea
251 3207 336 3268 aliam
359 3208 629 3292 pronuntiationem
652 3205 747 3268 fuisse
777 3209 868 3289 atquo
897 3209 926 3270 lu
949 3210 1061 3275 Iudaea
1082 3211 1267 3274 notissimum

82 3316 153 3392 est,
184 3327 261 3391 quoae
285 3310 450 3372 diversitas
471 3309 500 3368 ui
524 3309 614 3370 iallor
637 3309 766 3370 maxim'e
789 3311 827 3372 ad
850 3315 975 3377 vocales
997 3319 1029 3379 et
1047 3316 1167 3378 litteras
1190 3284 1268 3374 silui-
1331 3362 1333 3366 .

81 3417 184 3480 lantes
209 3413 356 3493 pertinuit
378 3407 421 3494 ²).
470 3411 516 3474 lta
545 3411 633 3474 lesus
662 3413 772 3476 dlcitur
794 3414 941 3494 Ναζαριι
904 3441 987 3492 ‹ru-oa
1013 3419 1045 3480 ut
1069 3433 1145 3478 uero
1168 3415 1267 3492 magis

81 3517 277 3594 contemptus
299 3518 432 3596 notaque
455 3513 584 3576 vilitatis
605 3513 674 3576 bulo
693 3517 801 3577 nomini
825 3517 973 3604 impressa
996 3521 1162 3598 appareat,
1187 3517 1269 3578 seri-

80 3619 164 3680 bitur
195 3633 403 3703 nonuunquam
433 3615 471 3676 ab
498 3617 710 3694 Euangellstls
734 3617 916 3697 Ναζωραῖος
929 3616 971 3699 ³).
1014 3618 1093 3679 Vide
1117 3607 1183 3696 num
1207 3619 1268 3680 ue-'

90 3755 297 3768 ,.-.....-.-

191 3815 529 3888 >Nonuusadlol19
550 3825 604 3876 13:
624 3816 745 3873 induerim
714 3817 1144 3889 Ιδὲ-Γααβθιίιιαφλᾰζοι
1114 3839 1173 3872 ιιιιι
1191 3817 1270 3890 Σύρῳ

80 3903 244 3976 κικλήσκετο
263 3925 300 3973 μυ
286 3901 356 3978 alitur

191 4003 223 4074 2)
191 4001 288 4059 2.Cl
313 4016 382 4073 quae
409 3997 550 4054 Grimmius
575 4001 607 4056 de
634 4003 781 4057 litterarum
806 4005 1002 4073 aspiraturum,
1030 4009 1160 4056 mutarum
1180 4008 1206 4056 et
1229 4007 1270 4054 te-

82 4091 176 4144 nuium
200 4090 345 4142 mutatione
370 4091 495 4140 accurate
521 4091 547 4138 et
572 4086 649 4160 docte
676 4087 811 4143 disseruit.
846 4086 946 4142 Eadem
966 4089 1033 4142 lere
1041 4091 1111 4142 iuter
1130 4087 1270 4143 Semitioas

81 4177 193 4246 liuguae
211 4171 388 4226 dialectoruun
403 4172 523 4224 uarietas
545 4155 679 4236 cernitur,
705 4186 774 4242 quae
792 4175 862 4229 iuter
881 4169 1152 4244 ludo-Germanicas
1172 4177 1200 4226 at
1217 4172 1269 4226 lin-

26 4253 32 4262 “
80 4275 153 4330 guae
173 4253 348 4320 Germanicae
366 4259 502 4312 uariorum
522 4261 548 4308 et
565 4260 712 4326 temporum
730 4263 756 4311 et
774 4257 894 4312 locurum
913 4260 1010 4312 uarias'
1026 4257 1136 4312 turmas.
1160 4292 1162 4300 ,

186 4357 219 4425 3)
239 4355 280 4414 (ll.
297 4353 414 4426 Γάδαρα
432 4360 459 4412 at
480 4351 606 4426 Poldwpa.
