2956 5004
201 286 265 353 302

203 457 399 530 Pronominc:
421 453 563 520 Christus
577 457 628 540 qui
643 471 701 518 non
713 454 845 518 infirmus
860 455 1074 536 estimoniis,
1094 455 1150 517 sed
1162 435 1276 536 'nolens
1292 458 1341 520 est
1355 457 1387 520 in

202 563 304 627 vobis.
326 559 412 624 llum.
427 554 484 638 lx,
500 557 653 622 walcone
667 560 717 620 est
731 557 960 638 vexatissimus,
975 558 1060 622 ouius
1074 561 1227 622 structura
1242 557 1388 621 difficilis.

202 666 244 730 Εί
256 668 290 730 δὲ
305 663 408 728 θέλον
420 657 438 724 ὁ
452 653 528 732 θεός
541 658 737 733 tatemerem
752 651 806 735 ιη’-ν
818 651 914 742 ὀργῆν
976 655 1096 743 ἤνεγκεν
1109 660 1142 726 ἐκ
1154 665 1251 749 πολλῇ
1263 684 1387 744 μοκρο·

201 769 303 851 θιμιιι
322 764 412 841 caenia
430 759 526 848 ὀργῆς
547 806 555 824 .
580 807 587 824 .
609 762 720 842 Syrus·
734 763 849 836 ,vertite
881 761 917 824 Si
943 779 1021 824 vero
1046 762 1145 828 voluit
1167 763 1252 826 Deus
1272 769 1387 830 osteu-

201 872 276 936 riero
304 869 376 930 iram
398 886 500 946 suam,
531 865 630 932 intulit
652 883 709 946 pro
729 882 840 944 magna
863 863 1092 943 longanimitate
1114 882 1170 930 sua
1193 867 1267 930 iram
1287 887 1389 950 super

203 991 278 1037 rasa
300 973 383 1051 irae,
412 970 499 1053 quasi
523 967 712 1048 legisset'
685 991 759 1034 ιι..
775 963 969 1046 .ί’θελει,’
951 989 1119 1048 ancyrae..
1134 960 1304 1050 .ὄργὴνείς
1319 972 1386 1034 etc.

200 1077 289 1140 ilorn.
313 1073 345 1153 1,
370 1070 424 1166 205
441 1074 574 1134 vertite
568 1071 695 1152 Opera
719 1071 778 1134 liei
800 1088 819 1132 a
841 1062 891 1151 (i)
914 1070 1077 1132 creaturis
1088 1075 1186 1134 mente
1209 1075 1386 1145 cernuntur.

200 1149 783 1258 1..Τιιι.11,’.15ισοοιῑσιιιιοιὰ
804 1175 1010 1253 τεκνογονίας,
1043 1165 1096 1236 ἐὰν
1122 1176 1282 1254 μείνωσιν,
1312 1171 1386 1257 [uhi

201 1285 251 1347 est
269 1280 413 1358 enallage
435 1248 588 1359 numeri,
592 1296 667 1340 nanu·
678 1279 823 1358 μείνωσιν
843 1274 885 1336 aul
904 1274 1031 1342 ienuinas
1050 1273 1240 1348 referendum
1255 1275 1385 1360 est)-

200 1385 301 1465 Syrus
320 1380 443 1445 scribit·
465 1379 560 1442 Vivet
579 1397 637 1460 per
650 1371 834 1457 itherus,
804 1397 836 1438 ει
845 1377 1018 1452 manserint.
1043 1378 1123 1464 lum
1138 1380 1246 1460 vides,
1268 1384 1384 1446 aueto-

199 1506 262 1552 rem
284 1485 372 1569 'qnod
402 1501 513 1566 capere
535 1501 594 1552 uun
617 1483 739 1570 petest,
770 1481 811 1543 oc
832 1480 984 1544 arbitrium
1010 1499 1179 1562 exponere.
1219 1483 1277 1546 Est
1297 1502 1383 1548 nou·
1413 1469 1417 1477 ¹

198 1607 347 1672 nonquam
377 1588 467 1650 eliam
496 1586 685 1666 μικρολογία·
708 1585 775 1645 eius
804 1583 990 1668 conspicua,
1027 1601 1109 1665 quae
1137 1585 1383 1652 taedioaii‘rcit.

88 1769 94 1780 Ι
197 1690 306 1755 Malui.
321 1684 453 1767 xxvii,
465 1685 520 1750 60.
533 1684 740 1764 ἐλατόμησεν.
755 1729 763 1743 .
781 1687 1053 1763 apostoticae..
1068 1669 1240 1764 .ἰίπῆλθεν.
1284 1688 1383 1782 lose-

196 1794 286 1877 pinnn
308 1793 404 1873 ipsum
424 1789 567 1864 effodisse
590 1785 762 1866 sepulcrum
788 1789 821 1847 et
835 1787 973 1868 ‘lapidem
997 1789 1196 1869 introivisse,
1226 1792 1281 1854 vix
1303 1810 1383 1856 cre-

196 1896 299 1960 dibile.
324 1880 443 1978 Quare
464 1891 565 1971 Syrus
587 1888 710 1962 scribit:
734 1889 816 1969 quod
840 1888 981 1954 effossum
1002 1899 1089 1967 erat3
1111 1892 1236 1962 deinde:
1260 1893 1381 1956 aulvoi-

196 1999 319 2063 verunt.
367 1985 554 2077 (Notandum
585 1979 707 2076 lernen,¹
731 1992 819 2074 quod·
833 1985 934 2054 Persa
955 1991 1050 2057 habet
1083 1994 1278 2073 singularem.
1322 1996 1379 2062 Ci.

195 2102 353 2166 vomentes
380 2114 501 2184 quoque
530 2113 614 2159 vers.
638 2094 763 2157 Heraei.
796 2114 848 2177 ap.
869 2093 1044 2179 Aliarum).
1084 2096 1195 2161 liiatth.
1219 2093 1318 2180 xxi,
1343 2099 1381 2162 7.

195 2201 309 2300 ἤγανον
338 2219 403 2266 τον
420 2195 492 2264 ὄνον
523 2201 574 2262 καὶ
604 2189 657 2262 τὸν
684 2201 786 2260 πωλον
811 2201 862 2260 καὶ
890 2197 1048 2275 ἐπέθηκαν
1075 2197 1156 2266 iaus
1140 2223 1178 2270 ιω
1204 2196 1304 2264 ον’τοῖν
1336 2197 1380 2268 τὰ

192 2303 301 2387 imulare
327 2287 428 2366 ονίῶν
454 2303 508 2364 καὶ
509 2289 761 2364 ἐπεκάθισεν
747 2302 868 2364 endum.
880 2297 992 2364 ανιῶν.
1027 2302 1102 2366 'Huc
1130 2301 1200 2366 luco
1222 2304 1250 2366 si
1272 2300 1379 2372 ιιιίιῶν

193 2405 348 2472 reieratnr'
367 2399 448 2466 ad'
429 2427 501 2468 οιον
524 2406 589 2466 καὶ
598 2406 718 2478 πῶλον,
742 2400 876 2467 homines
892 2406 1019 2468 emuncti
1034 2407 1115 2470 naris
1129 2409 1235 2470 nestro
1251 2425 1377 2490 quoque

193 2495 331 2591 tempore
360 2507 554 2588 monuerunt,
590 2523 648 2568 noa
667 2506 821 2588 potuisse
835 2499 936 2568 lesun'u
958 2527 1051 2589 super
1069 2511 1182 2572 asinam
1205 2512 1238 2572 et
1259 2509 1375 2591 pullum

192 2613 332 2678 insidere.
380 2608 482 2702 Quare
510 2611 598 2688 suut,
634 2609 687 2691 qui
711 2605 825 2678 αὐτῶν
840 2610 978 2676 omittant
1001 2611 1053 2673 vei
1072 2612 1181 2690 legant
1201 2607 1295 2684 corui
1317 2613 1375 2676 vel

191 2713 264 2780 aul‘
252 2741 307 2796 ιμιι
298 2713 373 2777 ictu·
387 2713 532 2772 referant.
575 2711 676 2790 Syrus
699 2712 761 2774 et'
753 2729 820 2791 ipse
841 2710 1073 2788 Evangelistam
1096 2731 1231 2794 purgare
1253 2715 1374 2781 studet.

190 2819 305 2886 Scribit
336 2815 449 2894 igitur:
483 2817 650 2895 posuerunt
680 2814 861 2878 vestimenta
887 2831 980 2892 super
1003 2813 1115 2894 pullum
1139 2819 1172 2878 et
1192 2818 1304 2884 insedit
1326 2819 1373 2884 illi

189 2921 277 2986 lesus
296 2917 356 3002 (oi.
376 2917 524 2980 lectiones
546 2914 730 2994 marginales
753 2931 837 2976 vers.
861 2913 984 2978 Heraoi.
1006 2934 1057 2996 ap.
1077 2914 1239 3003 nullorum)
1256 2917 1296 3003 ¹).

235 3116 238 3124 ,
291 3051 401 3140 Putant
424 3048 540 3128 vulgo,
565 3049 744 3111 mediocrem
769 3047 893 3125 linguae
916 3047 1054 3112 Graecae
1077 3051 1274 3115 eruditionem
1297 3054 1370 3116 sui-¹

188 3154 280 3236 licere
310 3154 347 3213 aui
370 3151 408 3212 N.
431 3150 471 3212 Τ.
496 3151 761 3231 interpretandum.
806 3149 840 3211 id
863 3152 912 3231 qui
937 3151 1055 3231 dieunt,
1085 3153 1256 3236 explicent,
1287 3175 1368 3238 quo-

186 3255 276 3316 modo
303 3256 414 3314 iactum
442 3253 500 3331 sit,
532 3255 566 3313 ut
590 3253 646 3314 viri
670 3254 795 3331 linguae
820 3250 959 3316 Graecae
980 3255 1156 3334 peritissimi
1178 3257 1208 3318 iu
1229 3255 1313 3319 libris
1327 3259 1367 3320 N.

81 3337 91 3359 ⁵
185 3355 226 3420 Τ.
249 3354 483 3434 interpretandis
503 3352 581 3414 lraud
597 3373 722 3434 parvam
739 3371 860 3434 operam
876 3357 1042 3436 posuerint.
1085 3357 1166 3420 Sunt
1178 3359 1253 3420 eninr
1268 3361 1369 3444 onrnia

185 3461 214 3524 ln
244 3457 350 3521 Bibliis
378 3459 436 3518 tarn
467 3455 627 3536 distincte,
656 3458 716 3519 tam
739 3456 922 3536 diiigenter,
950 3460 1010 3520 tam
1033 3462 1146 3524 exacte
1168 3460 1263 3540 dicta,
1292 3466 1368 3528 aunt

184 3560 402 3626 vocabulorum
425 3553 581 3639 mallones,
609 3557 823 3658 sententiarum
846 3561 1021 3623 consecutio
1046 3552 1079 3624 et'
1102 3557 1272 3644 structura,
1294 3570 1367 3628 sunt

183 3665 313 3750 denique
337 3666 369 3726 et
390 3663 518 3724 rnaxinra
539 3665 572 3726 et
595 3660 711 3723 minima
734 3663 819 3725 tanta
841 3679 912 3734 cura
934 3661 1128 3730 observanda
1150 3667 1183 3726 et
1203 3669 1364 3756 exurente

180 3833 386 3848 ψ·-

286 3948 316 4016 1)
335 3947 434 4004 Mirum
459 3957 514 4014 est‚
542 3951 613 4020 quod
634 3965 821 4020 nonnunquam
840 3955 914 4003 usum
933 3950 1059 4020 loquendi
1077 3954 1143 4006 sutis
1161 3954 1299 4025 vulgarem
1316 3957 1361 4009 nei

180 4049 250 4106 quae
273 4029 476 4104 poetice‘dicta
501 4041 564 4088 sual
591 4037 685 4088 critici
701 4037 862 4104 vituperant.
904 4033 1004 4088 Scribit
1029 4034 1177 4104 Homerus,
1204 4037 1361 4094 Diomedem

179 4134 296 4189 corpora
323 4118 415 4172 divina
441 4119 614 4183 vulnerasse,
645 4131 724 4189 quum
748 4119 878 4174 Venerem
903 4119 988 4174 solam
1013 4120 1133 4175 laeserit.
1168 4121 1252 4180 Docet
1268 4139 1362 4195 regem

179 4219 233 4258 aon
251 4221 305 4264 uno
323 4202 385 4258 vohi
403 4217 472 4274 euno
494 4202 542 4256 seri
560 4202 690 4270 pluribus.
726 4202 782 4258 ilex
797 4210 890 4258 noster
906 4205 1139 4274 elementissimus,
1168 4225 1247 4280 quum
1265 4210 1360 4264 urben

178 4301 253 4342 suam
279 4287 483 4358 ingrederetur,
510 4284 602 4339 hostes
626 4301 717 4342 omnes
734 4290 763 4340 im
781 4293 917 4342 aeternum
936 4288 1088 4344 devicturus
1105 4297 1132 4346 et
1151 4308 1263 4364 regnum
1282 4309 1360 4350 suoru

99 4431 102 4436 ,
178 4371 295 4427 coeleste
313 4375 506 4442 occupaturus,
529 4370 596 4442 biga
613 4372 666 4424 ista
688 4383 751 4424 osus
769 4375 811 4424 est
826 4373 920 4428 asinae
935 4376 1046 4448 eiusque
1064 4375 1139 4445 pulli.
