3014 5008
108 394 112 398 ,
202 295 252 370 98

209 473 304 552 citur,
333 466 401 531 elus
420 461 491 528 loco
510 463 625 544 postca
644 457 779 524 Arabum
802 477 860 523 rex
884 461 914 523 in
938 475 1060 523 scenam
1065 455 1256 542 profertum
1281 456 1404 537 Abga-

193 587 263 639 rus
292 573 413 636 autera·
408 565 528 629 ¹titulus
557 566 606 628 est
637 563 780 627 omnibus
804 564 955 660 deinceps
980 562 1067 624 huius
1090 551 1227 658 regionis
1251 562 1404 644 principi-

210 677 270 741 bus
290 669 452 740 communis
467 663 509 750 ¹)
577 687 583 698 ·
723 677 727 684 '
830 681 837 694 ·

316 775 404 836 Haec
440 767 661 851 praemittenda
700 768 787 830 nohis
823 769 893 831 visa
929 769 1016 846 sunt,
1053 769 1087 826 ut
1113 775 1212 826 rerum
1239 767 1388 829 status
1372 785 1404 828 ιιι

214 877 340 941 Oriente
362 873 481 955 planius
504 873 721 949 cognoscatur.
766 871 828 933 lam
851 872 977 952 propius
999 869 1037 932 ad
1059 887 1123 930 rem
1146 871 1280 932 nostram
1306 887 1403 931 acee-

215 983 331 1044 damus.
374 974 529 1054 Augusti,
570 969 702 1053 Tiberii,
739 971 807 1038 Caii
835 977 867 1037 ιι
889 971 1008 1036 Claudii
1032 971 1231 1052 temporibus
1246 971 1404 1050 Armenia,

217 1099 306 1167 quam
334 1075 407 1140 iuris
430 1075 558 1137 Romani
585 1075 726 1138 fecerant
747 1075 894 1139 Lucullos
921 1078 953 1138 ct
969 1075 1137 1155 Pompeius
1165 1075 1208 1136 ita
1230 1077 1264 1134 ut
1286 1075 1404 1155 absque

216 1182 322 1269 popuii
344 1178 471 1242 Romani
493 1195 644 1240 consensu
666 1179 721 1239 iam
747 1180 896 1242 anemiue
919 1178 1063 1257 deinceps
1084 1178 1310 1258 possideretur,
1330 1175 1404 1238 hel-

215 1287 257 1362 lis
294 1302 359 1348 oum
391 1277 514 1343 Parthia
547 1279 678 1340 assiduis
710 1299 812 1344 ansam
844 1279 939 1342 dedit.
989 1277 1053 1340 Alii
1077 1297 1173 1356 reges
1188 1296 1222 1338 „a
1249 1278 1404 1358 llomauis,

218 1386 334 1452 alilah
362 1365 524 1446 Armeniis
545 1380 596 1442 rel
626 1380 746 1444 Parthis
772 1383 1050 1462 constituebantur,
1085 1383 1261 1462 inter·qnos
1283 1398 1407 1461 semper

219 1491 258 1554 de
277 1485 402 1569 imperio
422 1485 591 1547 dimicatum
617 1487 677 1546 est.
719 1486 796 1546 Post
820 1485 930 1547 multas
949 1501 1049 1545 rerum
1071 1482 1298 1545 vicissitudines
1318 1483 1405 1554 'firi-

203 1593 341 1668 dates,
357 1588 453 1649 irater
496 1573 679 1660 ,Vologesis
698 1585 877 1656 Parthorum
914 1588 1017 1667 regis‘,
1056 1585 1225 1648 Armeniam
1263 1589 1407 1666 occupat,

220 1693 271 1776 qui
297 1691 365 1770 ipsa
394 1689 503 1768 postea
530 1686 654 1747 Romam
681 1687 839 1766 proiectus
866 1706 884 1748 a
906 1688 1028 1766 Nerone
1060 1705 1199 1752 coronam
1226 1689 1343 1767 accepit
1361 1681 1407 1768 ²)

219 1794 286 1856 illis
315 1793 414 1854 autem
439 1787 625 1869 temporibus
649 1787 748 1868 horuit
770 1805 830 1848 rex
850 1773 1077 1852 Adiabenorum
1103 1789 1255 1874 instes,
1284 1789 1321 1849 de
1342 1805 1407 1870 qua

220 1910 299 1960 auno
335 1891 423 1954 nobis
450 1889 600 1968 agendum
629 1891 696 1963 cst3
731 1891 839 1956 etenim
866 1895 903 1953 ιιι
930 1893 1109 1954 sententiam
1139 1879 1234 1954 meam
1264 1892 1410 1972 aperiam,

221 1991 405 2082 semipsum
429 2011 501 2055 esse
522 1993 596 2076 puth
616 1991 776 2079 Abgarum
796 1993 918 2058 labrire
940 1993 1141 2058 Christianae.

218 2163 225 2176 ‚
323 2097 457 2164 Primum
491 2095 668 2174 videamus,
683 2096 777 2188 quid
813 2080 1071 2158 Romanorum
1109 2097 1335 2177 scriptores
1372 2096 1410 2156 de

220 2198 308 2262 luate
338 2198 472 2278 tradant.
519 2177 726 2262 Artabanum
736 2215 843 2275 regem
873 2199 1049 2264 Parthorum
1081 2191 1256 2290 (le-43]
1283 2201 1411 2260 secutus

223 2304 275 2364 est
301 2299 452 2363 Gotarzes
481 2293 667 2380 (ia-bdp
711 2297 742 2360 is
774 2298 812 2362 ob
844 2303 990 2363 invidiam
1012 2293 1135 2366 P'arthis
1159 2291 1294 2394 invisus3
1325 2301 1411 2360 missi

223 2405 320 2482 igitur
336 2402 466 2484 llomam
487 2399 606 2480 legati,
632 2402 683 2484 qui
705 2401 912 2470 Meherdaten
929 2406 1085 2468 ilonranis
1101 2406 1170 2466 olim
1194 2403 1327 2466 obsidem
1349 2403 1409 2464 da

223 2510 286 2569 ιιιιιι
315 2513 422 2584 regala
443 2493 653 2584 poscerent3·
674 2501 711 2566 C.
742 2503 886 2584 Cassius,
918 2507 1034 2586 Syriae
1066 2507 1206 2589 praesui,
1237 2524 1254 2566 a
1281 2503 1410 2567 Claudio

203 2610 399 2689 iubetur,
397 2609 432 2668 nt
461 2604 669 2668 biehcrdatenr
698 2606 751 2668 ad·
757 2605 941 2686 Farphratem
970 2611 1110 2674 deducat.
1156 2608 1277 2672 Castris
1300 2609 1412 2688 positis

220 2711 269 2772 ad
284 2709 389 2772 urhein
412 2707 568 2797 Zeugma,
598 2725 745 2788 proceres
768 2709 944 2772 Parthorum
966 2729 1084 2795 rexque
1108 2711 1241 2774 Arabum
1262 2709 1412 2788 Abgarus

221 2811 435 2877 Meherdaten
465 2811 634 2892 excipiunt.
678 2809 762 2872 Sed·
767 2811 954 2889 Abgarus'
943 2833 1083 2876 iuvenem
1112 2799 1248 2892 igr'rarum
1271 2817 1303 2876 et
1324 2833 1411 2873 sum-

224 2935 301 2979 raam
329 2917 480 2980 iortuuara
511 2915 541 2976 in
571 2913 692 2976 luxurie
718 2912 817 2980 ratium
837 2915 946 2976 multos
971 2916 1037 2977 diss
1059 2917 1179 2979 attinrdt
1202 2915 1283 2996 apud
1308 2914 1412 2974 urbem

224 3015 394 3097 Edessam,
438 3017 563 3084 deinde
586 3015 723 3120 tempure
759 3019 929 3098 importuno
970 3019 999 3078 in
1036 3018 1209 3079 Armeniam
1244 3015 1413 3080 comitatur.

225 3117 418 3184 Transmisso
442 3117 535 3196 Tigri
553 3098 716 3198 permeant
730 3119 923 3197 AdiabenoS,
954 3139 1077 3200 quorum
1098 3139 1155 3182 rex
1179 3119 1281 3185 iuates
1303 3121 1410 3182 scoie-

226 3221 320 3283 tatem
350 3217 539 3286 Meherdatis
569 3220 666 3299 palam
698 3221 852 3301 induerat,
892 3213 921 3282 i'n
951 3221 1111 3284 Getarnem
1140 3241 1196 3304 per
1227 3221 1346 3282 occulta
1379 3224 1412 3283 et

226 3323 326 3399 nragis
350 3303 409 3382 uda
429 3319 599 3400 inclinabat.
642 3320 705 3384 Sed
732 3326 822 3404 capta
844 3324 873 3383 in
896 3325 1023 3386 transitu
1044 3326 1117 3387 urbs
1139 3325 1233 3386 Ninus
1253 3324 1411 3388 vetustis-

227 3425 303 3486 sima
333 3421 435 3496 sedes
453 3403 650 3506 Assyriae,
668 3425 700 3484 et
729 3423 845 3486 Arbela
876 3425 1065 3496 castellum'
1056 3429 1178 3513 insigne
1202 3430 1298 3505 fama,
1329 3426 1412 3505 quod

226 3529 381 3607 postremo
404 3520 483 3586 inter
503 3523 626 3586 Darium
650 3527 681 3587 et
704 3525 911 3614 Aleuandruru
937 3530 1054 3611 proelio
1073 3530 1234 3592 Persarum
1255 3527 1316 3589 illic
1331 3547 1411 3608 opes

221 3627 448 3692 conciderant..
477 3624 611 3706 Gotarae
641 3644 842 3700 yeromoras
865 3635 1008 3696 nectente
1029 3618 1276 3712 primariorum,
1300 3629 1410 3698 deinde

208 3730 374 3808 ,Abgarus
394 3747 459 3792 curu
481 3730 621 3792 exercitu
641 3727 825 3818 abscedunt,
847 3734 977 3796 levitate
1000 3733 1125 3813 gentili,
1151 3738 1184 3796 ut
1204 3733 1332 3796 Tacitus
1355 3735 1411 3812 ait,

224 3837 262 3903 ιι
290 3835 360 3916 quia
383 3831 599 3917 experimentis
620 3809 776 3926 cognitum
802 3837 870 3914 est,
899 3836 1047 3934 barbaros
1072 3836 1160 3922 malie
1183 3837 1279 3964 homa
1302 3839 1412 3917 petere

226 3949 321 4062 reges
343 3953 431 4017 quarn
455 3931 579 3994 hahere.
783 3985 795 4006 ,
884 3948 896 3984 ι
1002 3973 1006 3982 ·

295 4223 305 4239 .
331 4178 532 4256 1¹)Abgarrra
525 4200 544 4238 1.
563 4199 588 4254 q.
606 4153 733 4253 maguus,
754 4189 863 4253 potans.
899 4183 961 4242 Dio.
981 4185 1009 4242 G.
1027 4191 1077 4254 68,
1099 4191 1155 4246 17.”

328 4279 363 4346 2)
379 4279 498 4338 Armenii
515 4298 574 4338 cum
593 4279 701 4340 Parrus
719 4280 790 4336 baud
807 4297 871 4336 raro
888 4285 1087 4342 confunduntur
1101 4288 1172 4358 apud
1185 4294 1301 4344 veteres.
1336 4286 1414 4342 Bair-

226 4359 364 4418 Hebraeus
382 4363 496 4422 Parthos
517 4368 609 4438 aliquo
629 4366 689 4420 loco
709 4367 803 4422 scribit
820 4398 855 4422 «-
872 4373 930 4426 sire
947 4370 1098 4430 Armenios.
