2974 5012
148 347 155 362 .
196 295 241 368 M

202 472 359 556 perierunt
389 471 505 548 summ,
541 464 717 531 Graecitate
748 462 868 524 silentio
899 463 1024 524 aeterne
1055 459 1391 540 antiquaumonementa
1434 502 1435 560 ,

205 575 361 638 obruente.
411 571 470 649 Qut
495 569 639 650 deinceps
666 568 745 641 inter
774 565 875 644 Syros
908 563 1024 643 reperti
1055 564 1125 623 sunt
1161 559 1226 626 virb
1247 559 1437 676 litterati,t

205 679 325 760 qnando
358 675 482 736 animum
519 672 721 751 induxerunt,
757 667 880 747 scriptis
919 665 1031 746 ailquid
1059 661 1218 741 mandare,
1257 679 1294 721 ea
1330 661 1392 720 lin-

205 799 269 858 gua
296 777 475 840 utebantur
466 791 564 857 qnae
593 791 651 832 usu
682 761 809 832 om'nlum
839 771 872 830 et
896 768 1052 830 doctorum
1074 768 1107 838 et
1129 757 1309 825 discentium
1333 764 1391 822 tum
1438 772 1439 816 l

207 880 339 961 probata
365 881 440 939 erat.
485 876 585 962 Quare
604 875 712 952 lingna
735 871 887 934 Mamaea
909 887 951 930 ex
970 866 1047 932 sede
1069 869 1160 945 regia
1183 867 1216 926 et
1237 865 1308 925 ioro
1335 864 1391 924 de-

206 984 310 1058 trusa,
350 979 386 1038 in
409 979 496 1039 vicos
525 982 568 1042 et
586 993 683 1054 agros
700 973 898 1038 secedere
890 991 991 1051 tussa,
1027 987 1083 1032 eos
1106 969 1144 1033 ad
1165 969 1241 1030 lines
1262 965 1442 1028 reducta

209 1084 277 1160 est,
309 1080 417 1162 quibus
440 1079 605 1162 antiquitus
626 1078 751 1158 propria
773 1077 894 1136 iuerat..

135 1191 138 1200 ’
196 1191 227 1220 ·’
314 1180 403 1243 Aila*
425 1183 525 1242 tamen
565 1179 622 1240 init
649 1178 723 1248 ,alio
751 1177 821 1236 loco
849 1175 975 1250 linguae
1001 1172 1172 1234 Aramaeae
1204 1169 1393 1232 consuetudo

209 1287 242 1345 et
270 1284 360 1343 ratio.
404 1279 604 1360 Seleucidae,
633 1297 710 1361 quas
734 1281 833 1342 terras
856 1276 1098 1356 occupaverant,
1134 1273 1190 1334 vix
1214 1270 1263 1334 diu
1285 1275 1394 1334 tenere

207 1385 383 1466 potnerunt.
427 1381 461 1443 lu
490 1381 713 1463 Mesopotamia
740 1381 886 1445 certatum
912 1378 962 1438 est
982 1395 1048 1438 cum
1072 1373 1210 1452 Partitis,
1241 1375 1271 1434 in
1296 1373 1394 1436 Asiae

210 1486 332 1548 minoris
361 1487 450 1566 parte
484 1485 717 1563 septentrionali
745 1486 777 1545 et
802 1481 946 1543 Armenia
969 1491 1053 1540 nova
1081 1493 1180 1554 regna
1209 1475 1394 1540 exstiterunt
1449 1520 1450 1530 ,

210 1605 267 1649 nec
290 1606 348 1648 non
370 1577 545 1648 Palaestina
561 1583 739 1648 Maccabeis
762 1586 888 1647 ducibus
907 1581 1065 1644 victoriam
1080 1580 1319 1658 'libertatemque
1341 1597 1394 1652 re-

211 1689 360 1768 portavit.
410 1685 495 1746 Satis
524 1686 582 1744 iam
609 1703 750 1746 evorsum
781 1689 813 1748 et
844 1684 1039 1744 dilaceratum
1069 1683 1137 1742 erat
1166 1680 1392 1742 Seleucidarum
1451 1657 1453 1727 ἶ.

213 1789 385 1868 imperium,
408 1804 467 1866 quo
489 1788 625 1864 tempore
649 1786 827 1866 aPompcio
850 1786 880 1844 in
900 1785 1024 1844 iormam
1045 1783 1222 1864 provinciae
1241 1772 1393 1846 redactum

88 1914 91 1920 ·
212 1891 281 1964 e'st3
312 1887 490 1970 provinciae
517 1891 616 1949 autem
640 1903 717 1966 qnae
739 1886 965 1950 Seleucidarnm
988 1885 1293 1963 iugum-obiecerant
1319 1887 1395 1948 aliae

180 1993 338 2054 ’brevius
374 1990 453 2052 aliae
491 1990 602 2051 diutius
637 1988 808 2051 libertatern
837 1987 1014 2065 tuebantur,
1049 1986 1308 2050 doneo'llomano
1340 1992 1395 2050 im-

212 2094 300 2176 perio
323 2094 361 2158 et
400 2094 486 2173 ipsae
516 2092 711 2156 adderentur.
761 2091 820 2155 bist
840 2091 936 2170 igitur
965 2088 1003 2148 de
1033 2085 1117 2150 bisce
1150 2091 1241 2151 te'rris
1266 2093 1394 2154 seorsim

214 2195 374 2276 agendum
1460 2266 1461 2278 ἵ

289 2295 612 2375 Mesopotamia
636 2283 718 2358 t'este
742 2244 876 2376 losepbo
898 2294 998 2356 divisa
1012 2293 1115 2354 steret
1107 2309 1135 2352 ιιι
1154 2293 1303 2356 factiones
1317 2298 1395 2371 tres,
1460 2287 1461 2296 ’

216 2397 419 2476 Graecorum,
444 2395 638 2474 ludaeorum,
661 2395 828 2475 Syrorum3
851 2399 1033 2478 postremam
1046 2395 1171 2477 reliquis
1186 2414 1309 2457 numero
1323 2398 1397 2478 opi-

214 2500 332 2580 busque
362 2498 577 2560 antecelluisse
608 2497 690 2559 dicit.
740 2498 917 2586 Graecos
945 2497 1091 2579 plurimos
1118 2499 1176 2560 illo
1198 2502 1337 2578 ternpore
1368 2499 1396 2559 in

214 2600 335 2662 Asiam·
352 2589 610 2679 transmigrasse,
638 2600 833 2661 notissimum.
878 2601 992 2663 Plinius
1020 2599 1059 2683 (l.
1082 2600 1144 2680 vl,
1173 2598 1244 2683 30.)
1274 2601 1398 2664 scribit:

215 2699 468 2782 „Mesopotamia
490 2703 555 2764 tota
569 2699 767 2779 Assyrimum
791 2702 867 2782 init,
890 2703 1013 2766 vicatim
1034 2704 1175 2784 dispersa
1193 2709 1317 2783 praeter
1330 2703 1398 2766 Ba-

214 2803 330 2882 byloua
360 2805 393 2866 et
415 2801 532 2864 Ninum.
575 2801 762 2864 Macedones
783 2821 847 2866 earn
870 2805 900 2864 ln
922 2805 1015 2865 urbes
1036 2820 1294 2886 congregavere,
1318 2825 1398 2886 pro-

215 2909 289 2986 pter
312 2906 483 2969 ubertatem
510 2904 578 2968 soll.
618 2903 739 2985 Oppida
768 2907 894 2986 praeter
914 2905 972 2966 iam
997 2905 1077 2970 dicta
1100 2905 1193 2968 babet
1213 2907 1397 2987 Seleuciam,

215 3007 416 3087 Laodiceam,
445 3005 646 3079 Artemitam3
670 3007 742 3068 item
765 3007 796 3068 in
814 3006 949 3084 Arabum
972 3011 1085 3087 gente,
1111 3009 1162 3089 qui
1184 3007 1257 3084 Orei
1276 3027 1397 3072 vocan-

216 3113 267 3173 tur
289 3112 322 3170 et
339 3108 494 3186 Mardaoi,
513 3099 732 3200 Antiochiam,
752 3125 830 3190 qnae
856 3127 874 3170 a
895 3111 1052 3189 praelecto
1074 3107 1315 3188 Mesopotamiae
1336 3111 1399 3172 Ni-

217 3225 327 3270 canore
350 3209 471 3270 eondita
485 3205 597 3269 Arabis
623 3213 751 3272 vocatur
767 3205 853 3292 Ι).“
874 3211 1024 3272 Seleucus
1040 3207 1167 3268 Nicator
1188 3209 1321 3283 triginta
1333 3225 1398 3268 no-

216 3328 288 3371 vern
303 3311 395 3372 urbes
408 3327 464 3371 soa
477 3311 586 3390 sponte
604 3301 736 3373 condidit
748 3307 900 3396 (Appian.
912 3309 987 3389 Syr.
1008 3307 1057 3368 ed.
1071 3305 1241 3372 Amalelod.
1256 3326 1287 3388 p.
1304 3306 1399 3393 124.)

218 3412 303 3473 cuius
333 3410 502 3491 exemplum
531 3412 637 3474 imitati
659 3418 730 3476 sunt
752 3429 950 3475 successores
971 3412 1036 3471 iere
1059 3427 1180 3488 omnes,
1211 3410 1397 3477 Graecorum

151 3531 170 3541 ·’
219 3509 382 3574 coloniis
373 3531 402 3572 ιιι
426 3512 532 3576 Asiam
557 3515 711 3576 assumtis.
755 3513 889 3576 Maxime
911 3514 988 3572 inter
1009 3507 1197 3590 Euphratem
1222 3515 1255 3575 et
1274 3512 1395 3592 Tigrim

217 3611 361 3676 Seleucia
391 3615 501 3678 ambitu
532 3615 699 3698 opibusque
730 3617 819 3678 aucta
846 3615 896 3676 est
911 3607 960 3692 2),
990 3613 1074 3676 cuiun
1095 3613 1251 3680 vicinitate
1274 3601 1398 3698 antiqua

225 3744 422 3762 ...ιιι-...φ

323 3828 469 3895 1)Arabis
494 3829 586 3882 nescio
612 3827 674 3898 quid
698 3829 754 3883 sit?
773 3827 840 3882 Num
858 3827 961 3883 Nisibis
978 3828 1139 3899 legendum?
1161 3830 1210 3884 scd
1226 3829 1304 3885 buius
1322 3831 1398 3886 urbis

217 3907 321 3962 Plinius
340 3914 445 3963 antea·
439 3927 467 3963 m
484 3912 531 3965 lib.
549 3911 583 3968 V.
601 3918 759 3968 mentionem
778 3914 850 3967 iecit

322 4006 354 4074 2)
322 3989 486 4062 2l‘artbis
505 4007 728 4080 Mesopotamiam
746 4009 944 4074 obsidentibus,
971 4010 1095 4066 Seleucia
1113 4027 1145 4064 ec
1164 4027 1248 4081 usquo
1265 4029 1397 4081 pervene-

195 4094 200 4100 ·
217 4093 261 4139 rat
277 4090 373 4144 virium
398 4099 425 4146 et
442 4081 627 4160 auctoritatis,
653 4101 682 4148 ut
700 4095 735 4148 ad
752 4087 791 4149 M.
809 4092 913 4146 Aurelii
929 4100 1052 4162 tempore
1070 4095 1221 4150 libertatem
1238 4102 1396 4164 servaverit,

219 4171 255 4224 ad
279 4175 321 4226 rei
340 4175 446 4244 publice
466 4177 578 4232 tonnam
597 4182 750 4234 constituta.
787 4177 888 4232 Civium
906 4176 1033 4231 hahuisse
1051 4178 1148 4234 dicitur
1166 4180 1239 4233 milla
1258 4187 1396 4248 sexcenta;

220 4251 384 4315 Graecorum
402 4267 477 4317 amm
494 4263 654 4335 litteraeque
672 4263 714 4317 ibi
728 4264 830 4332 asylum
850 4262 982 4332 quoddam
996 4263 1131 4332 reperisse
1143 4264 1312 4320 videbantur.
1346 4265 1396 4322 Dio

223 4339 253 4395 G.
272 4340 290 4397 Ι.
308 4340 402 4398 lxiii.
422 4344 531 4418 Butrcp.
550 4347 626 4414 vill,
655 4355 696 4404 10
724 4345 846 4402 ΕιιιιΙι.1
839 4363 867 4401 ιιι
886 4344 1027 4402 Chronico.
