2974 5012
161 245 258 320 'ld

217 430 298 496 niae,
317 432 348 490 et
378 427 529 508 Assyrias
560 427 687 520 viudnam
713 421 759 508 ¹),
780 445 814 498 ,a
842 423 1046 506 Xenophonte
1072 423 1242 502 laudatam,
1273 441 1402 506 quorum

220 531 365 594 coloniam
396 529 521 608 Assyrii
545 529 661 590 denmm
684 531 713 592 in
738 529 935 608 Babyloniam
960 527 1161 604 abduxerint,
1193 525 1401 588 bellicosissi-

219 653 284 696 mae
303 632 372 694 huie
397 636 428 694 et
453 633 638 699 fortissimae
659 633 747 710 genti
772 618 954 694 id'maxime
977 615 1186 710 inponentes,
1215 632 1248 690 ut
1273 649 1400 712 canopos

221 733 409 813 Babylonios
447 712 597 801 adversus
627 733 763 796 Arabum
797 739 910 801 turmas
940 721 1238 814 seniper'inqriiet'as
1267 735 1299 792 ot
1327 725 1401 794 bel-

215 838 276 898 lum
309 836 417 917 cuique
449 837 615 908 inierentes
643 837 860 911 defenderent3
891 816 1016 898 hac-ex
1048 838 1144 913 geute
1168 836 1277 920 pdstea
1309 825 1401 898 n'atos

217 950 288 1002 c‘ssc
315 938 432 1022 volout¹
445 957 540 1016 reges
561 937 758 1020 Chaldaeos,
781 942 830 1023 qui
853 939 995 1018 Assyriis
1021 938 1097 1020 ipsis
1117 936 1270 1016 imperium
1286 933 1400 999 Orien-

91 1123 101 1133 ·
220 1045 261 1107 tis
295 1043 480 1124 eripuerunt.
531 1042 595 1103 Sed
625 1044 772 1124 quomodo
800 1061 907 1104 nomen
930 1039 1151 1124 Chaldaeorum
1178 1037 1216 1099 ad
1238 1021 1400 1120 pontifices

216 1145 370 1220 transierit
399 1144 521 1226 quaeris
543 1139 597 1227 Ἢ
624 1146 783 1208 ‘Nonnulli
807 1145 925 1227 quidem
957 1139 1024 1224 (ex.
1047 1159 1075 1202 c.
1098 1139 1284 1222 Heerenius)
1315 1136 1399 1224 pon·

220 1249 316 1310 tiiiees
345 1257 450 1308 uuerden
470 1249 583 1324 'gentis
609 1249 736 1312 victoris
759 1249 917 1328 accepisse
941 1239 1096 1324 statuunt,
1127 1241 1177 1302 alii
1200 1248 1233 1306 ut
1255 1241 1401 1310 Winerus

218 1349 390 1414 Chaldaeos
421 1368 508 1412 unam
536 1351 708 1430 pontificum
738 1352 867 1416 classem
892 1345 1104 1430 constituisse,
1138 1345 1189 1406 alii
1213 1345 1342 1430 denique
1366 1353 1402 1410 ut
1474 1349 1475 1416 l

217 1451 368 1516 Gescrrins
402 1450 576 1516 Chaldaeos
613 1429 843 1534 polenses-nn
875 1445 1170 1528 courmunchabere
1202 1447 1305 1510 dicunt
1332 1469 1397 1512 cum

219 1553 375 1628 Chaldaea
406 1561 512 1633 geute.
556 1554 689 1639 ¹Quibus
721 1559 856 1619 cornibus
890 1552 968 1616 baec
998 1543 1138 1633 quaestio
1168 1567 1228 1612 non
1255 1551 1400 1614 solvitur.
1474 1543 1475 1602 l

218 1657 343 1726 Omnino
367 1663 465 1721 autem
488 1658 525 1720 ab
549 1659 690 1738 Assyriis
712 1658 947 1723 Carducbiorum
971 1654 1111 1716 montium
1127 1651 1227 1740 'rudes
1250 1656 1399 1736 ferusque

216 1758 331 1820 incolas
360 1759 389 1823 iu
420 1760 618 1838 Babyloniam
646 1763 794 1829 abductos
826 1778 916 1851 esse,
947 1757 1018 1819 nihil
1049 1756 1106 1816 nisi
1134 1747 1308 1818 coniectura
1337 1761 1400 1838 est,
1474 1777 1475 1782 ¹

216 1857 335 1922 lesaiae
359 1859 426 1923 loco
450 1865 506 1924 vix
523 1865 601 1930 satis
624 1867 763 1946 probata.
808 1863 1030 1930 Chaldaeorum
1053 1876 1160 1920 nomen
1184 1857 1274 1920 latius
1285 1860 1399 1938 patere

212 1965 324 2042 puto.x
347 1961 493 2031 Chaldaei
516 1985 574 2030 non
595 1966 691 2028 solum
714 1968 835 2030 obviam
858 1967 986 2028 veniunt
1008 1965 1036 2024 iu
1053 1961 1216 2022 Armeniae
1238 1965 1271 2022 ct
1287 1959 1398 2040 Assy-

217 2066 281 2128 riae
305 2067 458 2153 ·muutibus
483 2067 531 2152 ³),
564 2073 596 2129 ut
618 2070 662 2143 ¹de
686 2069 746 2132 illis
771 2073 906 2147 taceam,
933 2067 984 2147 qui
1009 2065 1106 2128 Ponto
1131 2068 1164 2126 et
1181 2061 1398 2142 Cappadociae

216 2159 329 2229 allennes
347 2172 451 2248 erant,
476 2171 531 2230 sed
554 2171 829 2254 inillesopotamia
852 2187 988 2254 qunque,
1021 2169 1140 2228 Arabia
1162 2172 1193 2258 qt
1213 2165 1398 2247 babylonia.

221 2269 411 2347 llerodotus,
446 2269 597 2350 Assyrius
626 2295 645 2336 a
676 2273 804 2336 Graecis
828 2273 928 2352 Syrus
951 2269 1100 2352 appellari
1123 2287 1306 2346 irremotam,
1339 2268 1399 2328 ad-

217 2371 278 2434 tlsti
299 2373 464 2462 o'lfssvvdwr
487 2377 521 2436 δὲ
542 2371 657 2454 parada}
680 2376 867 2440 Xuidutoa.“
913 2373 955 2438 Ur
979 2371 1100 2436 Casdim
1122 2373 1151 2432 in
1176 2371 1401 2454 Mesopotamia

218 2467 432 2552 quaerendum.
476 2475 557 2538 luter·
579 2465 657 2540 ilios
679 2478 827 2542 Naclroris
850 2486 917 2541 uma
937 2480 1133 2554 recensetur,
1155 2476 1238 2536 cuius
1253 2476 1399 2552 posteros

216 2577 246 2636 iu
268 2575 508 2656 ,Mesopotamia
545 2586 598 2664 aut
633 2582 750 2671 Arabip
787 2580 879 2642 sedes
918 2580 1112 2660 quaesivisse
1143 2563 1306 2638 verisimile
1338 2577 1398 2635 cst.

217 2679 319 2741 llaran
344 2663 459 2758 autern,
487 2682 559 2743 urbs
581 2683 749 2766 Nouimus,
779 2687 928 2747 astrorum
951 2681 1166 2744 observatione
1198 2671 1230 2740 et
1262 2695 1398 2738 venera-

217 2783 298 2844 tiorie
331 2783 368 2844 ab
395 2785 607 2868 antiquissimis
633 2771 819 2865 teurporibus
849 2785 1046 2847 celeberrima
1070 2784 1137 2843 t'uit.
1190 2780 1260 2842 Alia
1290 2781 1398 2840 iterum

217 2869 297 2964 gens
323 2883 543 2950 Chaldaeorum
565 2890 631 2950 lob.
656 2889 754 2970 1‚,17
775 2889 901 2966 citatur,
933 2889 1009 2948 intra
1033 2885 1167 2958 Arabiae
1191 2884 1265 2964 lines
1289 2885 1321 2946 ut
1343 2882 1399 2944 vi-

218 2988 307 3048 detur
333 2977 493 3070 obsidens,
522 2993 670 3072 barbara,
699 2991 827 3070 bellica,
857 2993 934 3052 iera.
979 2989 1108 3051 Perinde
1124 2985 1311 3064 statuendum
1327 2983 1399 3044 milri

218 3089 355 3178 uidetur,
392 3109 451 3174 uon
479 3094 516 3154 ab
546 3095 687 3174 Assyriis
715 3095 830 3156 demum
856 3091 1028 3157 Chaldaeos
1051 3093 1083 3172 in
1108 3089 1306 3170 Babyloniam
1336 3086 1396 3146 de-
1474 3143 1475 3146 ,

217 3191 325 3251 ductos
356 3209 445 3272 esse,
475 3193 530 3256 sed
560 3199 725 3278 antiquitus
754 3197 846 3260 sedes
872 3196 914 3256 ibi
938 3194 1081 3256 habuisse
1104 3211 1203 3271 neque
1226 3209 1279 3250 eos
1302 3189 1397 3248 rudes

218 3297 250 3354 et
279 3294 427 3354 barbaros
462 3299 557 3358 luisse
590 3311 710 3378 onmes,
746 3300 802 3362 sed
825 3301 942 3378 partem
967 3297 1081 3358 artibus
1112 3291 1281 3370 litterisque
1305 3285 1397 3369 dedi-

218 3401 290 3457 taur.
343 3396 427 3475 Quae
453 3401 528 3461 orrim
552 3406 633 3466 terra
655 3423 672 3466 a
695 3402 854 3482 Babylone
882 3399 963 3460 dicta
990 3400 1038 3456 est
1058 3391 1245 3470 Baby¹⁰¹¹¹³r
1271 3387 1397 3472 proprie

219 3497 375 3560 Chaldaea
400 3503 479 3581 apud
502 3522 604 3566 ornnes
627 3508 795 3586 scriptores
818 3500 998 3580 appellatur.
1047 3494 1186 3572 Rabylon
1208 3492 1396 3557 Chaldaica-

169 3615 171 3618 ·
217 3619 279 3662 rum
311 3602 447 3680 gentium
475 3611 565 3694 caput
588 3607 696 3672 dicitur
725 3627 743 3668 a
771 3603 868 3666 Plinio
887 3596 921 3680 ⁴),
947 3601 979 3659 et
1006 3591 1168 3660 seeundum
1189 3596 1395 3659 Ptolemaeum

322 3801 350 3866 n)
378 3800 417 3854 dr.
438 3800 567 3859 Goseuius
580 3805 614 3858 ad
629 3805 679 3858 les.
693 3811 736 3867 23,
759 3806 800 3858 15.
835 3797 1037 3852 Roscnmueller
1054 3795 1168 3850 Alter-th.
1182 3797 1202 3863 l,
1222 3805 1248 3852 2.
1267 3813 1292 3865 p.
1306 3797 1341 3852 36
1354 3809 1394 3865 sq.

320 3901 353 3964 2)
378 3896 465 3954 Dubia
483 3911 571 3960 movet
588 3903 689 3964 ldelcr‘,
719 3899 820 3952 llaudb.
840 3897 864 3950 d.
884 3896 1012 3952 Clrronol.
1032 3894 1059 3960 l,
1079 3912 1105 3964 p.
1123 3902 1184 3950 200.

319 3995 351 4060 3)
376 3994 414 4050 Cf.
442 4001 474 4055 dc
501 4006 607 4058 nomine
639 3993 820 4064 „haldandan
848 3993 995 4064 Xdlvptse‘'‘
1021 4000 1071 4048 etc.
1115 3993 1214 4048 Strabo
1238 3995 1257 4050 l.
1282 3992 1342 4050 ΧΠ.
1367 4003 1396 4064 p'·

215 4083 337 4136 825.·66.
369 4079 516 4146 Cellarius.
529 4087 639 4154 nuogr.
653 4087 709 4136 ant.
727 4087 791 4137 tour.
805 4081 838 4136 ll.
856 4099 881 4150 p.
896 4082 1042 4136 '212—14.
1068 4077 1162 4134 Moses
1176 4078 1290 4142 Charon.
1310 4096 1336 4148 p.
1351 4085 1395 4136 87.

320 4179 352 4245 4)
380 4177 448 4237 Pliu.
463 4184 512 4249 Vl,
533 4183 576 4241 30'.
594 4190 636 4239 31.
663 4179 782 4245 ‚‚Laera
806 4181 928 4237 fluminis.
947 4177 1152 4250 (pasitigridis)
1176 4179 1306 4236 Chaldaei
1325 4177 1396 4232 obti-

216 4267 295 4328 nent,
321 4263 414 4320 dextra
432 4266 565 4332 Nomades
588 4263 724 4322 Scenitae.
734 4269 751 4294 ‘⁶
786 4255 858 4324 lrlenr
877 4282 899 4322 a.
918 4273 961 4324 32.
988 4262 1149 4334 „Nomadas
1167 4267 1397 4332 infestatoresque

164 4413 167 4432 1
218 4343 414 4405 Chaldaeorum
435 4351 561 4407 Scenitae
580 4347 735 4406 claudunt.'“
772 4352 812 4408 Gi.
833 4351 968 4410 lliuerum
987 4349 1019 4406 lii
1037 4349 1079 4418 lll,
1098 4366 1119 4406 s.
1139 4369 1163 4406 v.
