2956 5004
212 293 277 364 318

214 470 284 555 (tta.
314 465 452 532 lnclasin
484 464 543 530 lols
566 465 627 546 54,
650 465 711 550 9.).
734 497 773 514 -··
821 463 1082 555 GaquXVlll,
1108 468 1159 534 itt.
1181 471 1397 566 psdpzsdoo'rs

213 591 272 637 non
301 573 422 652 dubito,
459 571 530 654 quin
560 569 669 633 Mattlr.
699 569 756 662 lroc
788 571 968 634 vocabulum
999 569 1132 649 elegerit
1151 572 1190 635 ad
1210 574 1396 638 reddendum

213 694 245 757 id
275 693 390 774 ipsum,
425 708 485 777 quo
513 688 654 754 Christus
686 709 759 752 usus
791 693 858 754 erat
883 661 1038 790 OQ.
1083 689 1182 754 Multo
1211 692 1341 771 gravius
1366 693 1397 754 id

214 811 265 886 est
293 793 606 896 quaro‘„docere“;s
627 813 676 870 est
696 810 771 870 enim
794 805 990 892 „discipulos
1013 801 1149 872 iacite“.
1191 789 1279 873 Sicut
1302 808 1397 874 cort-

213 911 281 980 sius
308 911 464 976 duodecim
480 909 561 996 'illos
582 912 700 992 lecerat
722 911 887 994 discipulos
907 931 999 993 suos,
1028 911 1181 992 itaipsos
1203 913 1232 974 in
1257 912 1396 974 mondum

176 1016 180 1024 '
214 1018 300 1080 exire
335 1014 440 1096 iussit,
477 1016 510 1075 ut
546 1017 660 1090 gentes
699 1015 833 1076 eiusdem
869 1015 1026 1082 doctrinae
1050 1011 1219 1095 discipulos
1244 1015 1396 1097 iacerent,

214 1131 303 1202 qaam
330 1133 372 1178 rx
398 1133 452 1177 ore
481 1099 621 1194 nragis'tri
651 1119 863 1200 acceperant3·
883 1133 977 1200 quare
1006 1116 1141 1180 additur:
1169 1115 1317 1180 docentes
1338 1136 1398 1182 eos

213 1235 341 1286 servare
370 1219 488 1300 onmia,
530 1230 612 1301 quae
641 1218 731 1280 voltis
754 1219 906 1284 mandavi.
948 1219 1049 1304 Quare
1071 1218 1123 1302 qui
1145 1217 1232 1280 iidem
1257 1236 1398 1304 aecepe-

182 1351 186 1359 ’
213 1343 301 1420 runt,
321 1339 466 1430 μαθηταί
484 1337 659 1400 dicebantur
685 1353 788 1398 omnes
809 1339 841 1398 et
858 1335 940 1418 apud
953 1315 1055 1416 Syros
1074 1307 1224 1436 ,QUI
1243 1342 1293 1402 est
1314 1340 1336 1402 l.
1360 1359 1396 1424 q.

215 1455 417 1525 Christianum
440 1456 515 1518 lieri.
560 1455 652 1518 Plora
674 1454 731 1518 lrac
753 1453 792 1516 de
809 1473 887 1518 voce
904 1455 977 1518 vide
988 1453 1112 1519 'in-Lex.
1133 1455 1219 1520 Cast.
1237 1456 1285 1518 ed.
1298 1458 1397 1523 Mielr.

314 1589 461 1662 Sufficiet
483 1587 560 1652 haec
580 1589 679 1651 obiter
701 1587 845 1666 tetigisse
868 1591 901 1652 ct
922 1589 1009 1670 quasi
1030 1588 1129 1668 digito
1153 1589 1395 1675 demonstrasse,

213 1697 247 1758 ut
275 1693 383 1772 cuique
412 1691 541 1769 linguae
564 1689 714 1770 Syriacae
746 1691 845 1772 perito
868 1691 1036 1772 probatum
1055 1693 1116 1772 sit,
1147 1693 1336 1774 quambene
1359 1703 1395 1762 et

100 1821 103 1826 ·
212 1795 343 1859 feliciter
366 1791 526 1856 Graecitas
542 1789 690 1854 Matthaei
711 1793 881 1862 illustretur
903 1811 944 1855 ex
963 1787 1112 1876 versione
1133 1793 1275 1884 Syriaca,
1317 1797 1395 1880 Ap-
1467 1841 1468 1868 ,

210 1899 301 1982 paret
331 1895 425 1974 enim,
459 1892 608 1956 Matthaei
641 1895 739 1958 verba
768 1895 860 1978 plane
881 1897 1067 1978 respondere
1090 1896 1224 1960 idiomati
1246 1897 1395 1983 Syriaco,

210 2003 256 2086 ita
275 2003 309 2062 ut
330 2016 371 2059 ex
392 1998 535 2059 versione
556 1999 662 2060 nostra
685 1999 792 2084 quihus
805 1998 920 2068 ,verbis
932 1997 1079 2070 Dominus
1101 2001 1207 2062 noster
1228 2001 1296 2082 ipse
1317 2021 1395 2068 usus

210 2105 270 2183 sit,
306 2099 482 2184 plerumque
518 2099 666 2176 cognosci
706 2101 817 2182 possit.
867 2095 900 2162 Id
936 2118 1143 2188 nonnunquam
1182 2121 1247 2166 cum
1278 2123 1395 2182 magna

209 2205 297 2268 animi
327 2201 530 2264 oblectatione
558 2201 721 2266 admiratus
750 2221 832 2283 som,
873 2221 961 2286 quam
990 2203 1067 2266 scite
1094 2203 1267 2287 Apostolus
1293 2207 1394 2272 verba
1438 2246 1442 2250 ,

209 2307 341 2389 Syriaca
369 2281 399 2364 in
435 2303 584 2366 Graecum
615 2304 891 2367 transformaverit.
940 2303 1070 2368 Tantum
1105 2308 1180 2368 enim
1210 2308 1317 2388 abest,
1357 2315 1394 2375 ut

77 2463 79 2467 .
209 2407 358 2474 Matthaei
381 2406 466 2469 color
485 2405 655 2471 Aramaeur
673 2407 702 2470 in
725 2409 893 2489 opinionem
914 2425 970 2470 nos
991 2406 1136 2494 deducat,
1157 2407 1287 2490 Syriaoe
1300 2412 1392 2475 Mat-

208 2513 328 2578 tlaeum
361 2509 543 2591 scripsisse,
581 2511 614 2576 ut
636 2527 686 2571 ex
715 2509 784 2590 ipsa
816 2512 966 2574 versionis
995 2511 1156 2579 collatione
1186 2515 1391 2578 certissimum
1431 2581 1435 2592 ,

207 2617 295 2679 nobis
322 2614 382 2692 sit,
417 2613 534 2673 textum
557 2609 706 2674 Matthaei
727 2611 874 2676 Graecum
898 2612 1119 2695 authenticum,
1144 2615 1183 2676 ah
1204 2601 1273 2696 ipso
1293 2615 1391 2698 Apo-

207 2719 301 2784 stolo·
319 2715 463 2795 scriptum
497 2716 530 2774 et
560 2713 722 2790 gemrlnnm
752 2705 843 2776 esse.v
882 2713 969 2800 Quia.
991 2697 1120 2778 maxime
1148 2717 1178 2778 in
1208 2711 1392 2780 Iudaeorum

209 2839 292 2884 usum
316 2816 520 2895 Evangelium
541 2813 600 2880 hoc
622 2817 766 2908 scriptum
788 2819 872 2896 orat,
908 2817 1073 2880 verisimile
1094 2820 1161 2899 est,
1191 2817 1248 2881 iam
1271 2819 1391 2900 pridem

207 2927 274 2988 eius
296 2899 467 2984 versionem
489 2917 669 2996 Aramaeam
691 2916 904 3004 (liebraioam)
926 2921 1035 2983 laetam
1059 2937 1147 3002 osse,
1178 2936 1256 3005 qnae
1275 2924 1391 3002 postea

181 3017 345 3108 ¹tanr'puarn
386 3022 557 3086 authentica
594 3021 818 3086 venditabatur.
875 3021 967 3105 Apud
997 3022 1099 3107 Syros
1133 3024 1214 3086 tama
1244 3023 1391 3102 vulgaris

166 3201 169 3205 ,
206 3133 291 3208 crat,
334 3123 521 3188 Matthaeum
561 3123 589 3184 in
620 3122 792 3186 Palaestina
829 3125 992 3205 scripsisse
1022 3126 1192 3200 Hebraice3
1227 3125 1282 3186 sed
1317 3128 1389 3208 quis

166 3273 177 3287 ,
205 3246 320 3313 quaeso
350 3225 552 3308 Evangelium
577 3224 759 3318 'Hebraicum
790 3225 862 3288 illud
887 3221 1046 3313 inspexit?
1078 3227 1248 3314 versionem
1272 3227 1389 3308 Syria-

207 3350 271 3396 cam
294 3330 404 3390 iactam
428 3343 501 3386 esse
524 3343 566 3386 ex
591 3325 749 3388 Mattiaco
771 3330 876 3392 nostro
900 3329 929 3390 in
954 3328 1120 3414 conspicuo
1145 3331 1194 3392 est
1208 3325 1248 3413 ¹).

305 3430 417 3512 Neque.
430 3431 529 3494 tarmen
543 3423 745 3498 inMatthaeo
762 3427 885 3510 solum,
901 3429 957 3493 sed
974 3432 1064 3494 etiam
1079 3431 1108 3492 in
1122 3429 1206 3492 libris
1218 3431 1331 3513 ceteris
1349 3433 1391 3497 ad

202 3533 354 3599 vocabula
377 3535 409 3595 ei
431 3525 601 3620 locutiones
618 3548 636 3592 a
653 3529 853 3612 scriptoribus
871 3533 969 3619 sacris
988 3531 1139 3595 adhibitas
1152 3534 1210 3596 rite
1225 3531 1390 3598 illustram·

201 3639 259 3702 das
293 3637 416 3700 nocitum
452 3634 571 3714 profert
601 3633 705 3695 versio
734 3627 893 3716 Simplex,
929 3631 1005 3718 'qnia
1037 3636 1174 3714 origines
1200 3634 1391 3700 Graecitatis

201 3741 242 3802 Ν.
272 3740 312 3803 Τ.
334 3741 364 3804 lu
394 3755 451 3800 usu
474 3736 606 3818 Syriaco
631 3735 716 3818 quasi
738 3735 930 3814 indagandas
952 3737 1092 3820 praebet.
1136 3737 1204 3822 Qua
1226 3739 1257 3802 in
1279 3755 1313 3801 re
1336 3740 1389 3802 in-

244 4011 246 4014 ’
305 4019 335 4090 1)
352 4019 443 4095 Verba
463 4019 569 4075 Graeca
590 4022 619 4074 in
637 4019 776 4091 Syriacum
791 4019 925 4075 Matthaei
941 4025 1041 4076 textum
1058 4005 1179 4076 assumta
1197 4021 1282 4078 habos
1301 4022 1387 4080 haee:

92 4135 94 4140 v
198 4105 382 4179 στρατιῶται,
415 4107 529 4175 σπεῖρα,
558 4100 662 4170 ὅρκων,
690 4103 849 4175 unanime,
879 4107 971 4176 ydrae.
1005 4103 1127 4178 ἄνιγκῆ,
1157 4105 1271 4178 plausis,
1298 4105 1388 4178 βῆμα,

197 4191 331 4262 σπόγγοι,
361 4187 447 4252 πίναξ
454 4224 462 4246 ,
492 4185 610 4258 θρόνοι,
641 4193 748 4260 caspie,
776 4187 904 4260 adorsos,
928 4187 1044 4250 uirides,
1069 4189 1158 4256 ξένοι,
1178 4190 1290 4266 λῃιιτιιί,Ι
1311 4192 1388 4261 λαμ-

180 4274 294 4340 ,πιὶδει,
311 4275 496 4345 μαργαρίτης,
515 4299 550 4309 -
568 4287 653 4340 porro
671 4273 756 4328 verba
773 4272 886 4328 Latina:
905 4271 1089 4342 Praetorium,
1109 4277 1230 4330 centurio
1247 4275 1340 4346 (Vlll,
1357 4279 1386 4333 4.

198 4355 408 4425 ἑκατόνταρχοι)
426 4360 477 4409 ete.
901 4373 903 4378 ·
