3014 5008
209 321 281 392 noo

218 495 314 564 chiam
341 493 541 577 Mygdoniam
574 481 786 570 condiderant,
813 487 954 569 adempta
983 505 1001 548 ιι
1022 479 1143 547 Parthis
1166 453 1327 542 Armeniae
1351 496 1413 541 re-

209 601 313 682 gilius
342 595 433 680 (vide
458 588 570 692 supra)
592 591 667 654 luatl
694 593 828 673 praemio
851 590 933 654 data
975 587 1129 665 Vardani,
1160 582 1305 660 Gotarzis
1328 601 1412 646 sue-

220 703 355 781 cessorl,
392 698 537 760 dissuasit
562 695 664 760 luates
688 693 800 768 bellom
826 713 894 756 cum
914 689 1071 756 Romanis.
1115 686 1246 752 θιιιιιιιι
1269 685 1338 746 ah
1329 687 1414 766 ipsis

219 803 341 870 Parthis
367 797 539 874 Vardanem
570 797 694 860 secutus
722 801 771 858 est
784 796 888 892 paulo
910 798 983 878 post
1005 793 1183 870 Vologeses
1206 787 1310 871 [53-
1323 786 1412 870 90..)

220 907 388 985 ltlagnates
417 905 515 966 antem
543 899 713 977 Adiabeni,
738 899 778 970 in
806 905 918 976 regem·
944 899 1070 979 eiusque
1094 894 1238 956 familiam
1275 891 1313 952 ub
1349 909 1411 954 ac·
1489 933 1491 966 ι

221 1012 331 1091 ceptos
353 1005 494 1069 Iudaicos
522 1003 599 1065 ritus
622 1001 670 1063 ira
690 1003 721 1064 et
743 981 951 1079 indignatione
974 989 1100 1096 perciti,
1107 991 1173 1059 ad
1190 993 1299 1073 'Afilae
1320 993 1410 1056 Ara-

220 1113 289 1176 bum
318 1127 426 1188 regem
456 1106 610 1182 scribant,
643 1103 735 1166 muita
763 1103 962 1184 pollicentes,
998 1085 1031 1162 ni
1057 1099 1167 1162 laelium
1187 1093 1266 1160 lnati
1286 1097 1409 1158 inierat.

221 1214 286 1279 Sed
317 1211 443 1290 fugavit
462 1207 571 1271 nolam
590 1205 693 1268 luatcs
722 1204 944 1292 eompulltque,
979 1189 1075 1284 daque
1088 1202 1146 1264 'ad
1168 1191 1326 1278 Arsamnni
1351 1219 1409 1262 ea-

222 1319 316 1379 strnm
339 1313 531 1396 persecutns.
563 1307 653 1371 Τιιιιι
668 1306 887 1386 Vologesen
879 1325 975 1388 upsnm
998 1305 1037 1366 ad
1057 1304 1169 1366 beilum
1186 1306 1313 1385 incitant
1328 1297 1408 1386 pro-

223 1437 328 1496 ceres,
368 1415 470 1480 culus
490 1413 626 1491 viribus,
659 1412 828 1474 imminente
861 1411 919 1473 iam
953 1405 1074 1490 proedo
1111 1407 1150 1469 ad
1181 1406 1322 1500 devium,
1358 1407 1409 1489 qni

223 1521 428 1585 Adiabenam
439 1534 458 1578 a
480 1515 583 1578 liiedia
604 1515 729 1591 dirimit,
758 1512 971 1576 succubuisset
993 1509 1134 1608 itales,
1137 1510 1195 1570 nisi
1217 1509 1409 1588 Vologeses,

224 1622 376 1685 Daharum
408 1621 441 1682 et
460 1617 607 1683 Sacarum
636 1615 760 1676 iacta·
751 1632 781 1674 un
809 1611 982 1689 Parthiam·
991 1612 1169 1706 invasione,
1206 1615 1267 1680 cito
1297 1631 1315 1672 a
1342 1613 1408 1672 ruis

226 1725 312 1785 esset
339 1721 535 1783 revocatus..
562 1717 651 1779 lland
673 1715 767 1779 inulto
788 1719 878 1796 post,
911 1733 987 1780 anno
1015 1717 1106 1794 regni
1128 1717 1283 1796 uicesimo¹
1297 1717 1409 1795 quarto

217 1827 358 1903 verneto,
396 1821 521 1898 moritur
547 1819 667 1898 lantes,
702 1821 846 1900 quattuor
875 1818 991 1882 relictis
1018 1817 1105 1897 liliis,
1134 1836 1233 1897 regno
1257 1821 1353 1902 neuen
1379 1818 1411 1876 in

226 1929 350 1990 tratrem
369 1923 572 1988 illonoiaannm
602 1921 641 1984 oio
672 1921 759 1982 fldem
788 1921 856 1984 olim
888 1923 1043 1983 servatam
1066 1920 1177 1984 delato.
1221 1915 1412 1984 Mdnoluanns

227 2046 300 2092 ossa
319 2027 456 2090 Helenae
479 2024 511 2089 ei
531 2023 624 2087 lualir
648 2023 870 2104 Hierosolymis
892 2021 922 2085 11
944 1997 1134 2088 mouumen'to
1158 2024 1210 2086 illo
1232 2022 1412 2104 sepelienda

219 2125 365 2212 teuravlt,
400 2130 481 2215 qnod
502 2123 620 2190 Helena
649 2130 726 2200 aute¹
747 2129 854 2208 portas
869 2125 1138 2211 ¹exstruxerat¹).
1189 2127 1273 2212 Quae
1302 2125 1412 2186 deinde

220 2231 556 2311 lilonoluaunslmperli
578 2231 625 2292 soi
647 2231 784 2310 tempore
808 2219 961 2310 gesserit,
981 2229 1132 2310 losepinus
1150 2235 1262 2312 postea
1283 2247 1319 2290 se
1334 2246 1410 2290 nar-

221 2339 359 2402 ratorum
383 2334 546 2416 promittit3
568 2332 625 2394 sed
647 2332 760 2395 frustra
784 2335 962 2395 mentionem
982 2335 1048 2396 eins
1064 2333 1190 2415 amplius
1207 2333 1412 2417 quaesiveris.

266 2461 270 2470 ’
332 2473 418 2536 llaec
449 2473 551 2560 igitur.
576 2471 618 2558 de
644 2469 730 2533 luate
757 2463 917 2552 Iosephus.
954 2471 1094 2552 ‚liundem
1125 2491 1196 2534 esse
1219 2472 1300 2534 illium
1324 2489 1412 2553 quem

227 2577 388 2658 Abgarum
411 2573 630 2654 (llnrlstlanum,
653 2573 820 2665 clarissime
841 2565 930 2655 p'atet
948 2592 989 2635 ex
1010 2573 1122 2636 Mose
1149 2571 1408 2638 lihorenensi.

228 2680 287 2744 Sat
313 2696 387 2740 sane
420 2676 546 2740 vatillat
575 2673 779 2740 Cinerenensis
802 2677 986 2754 auctoritas,
1018 2677 1066 2757 qul
1089 2671 1169 2762 nulia
1192 2679 1319 2756 κρίσεως
1343 2675 1410 2736 acie

227 2780 385 2880 praeditus
405 2775 543 2862 bonaque
564 2777 623 2840 tide
644 2779 673 2839 in
695 2777 916 2862 qualiacunque
938 2778 1084 2858 ab'reptuis
1105 2795 1221 2858 rerum,
1246 2797 1326 2860 quas
1348 2797 1410 2839 va·

183 2885 187 2892 “
226 2886 290 2948 rios
324 2883 404 2970 qpnd
441 2885 585 2946 auctores
619 2881 716 2961 legit,
755 2881 865 2942 seriem
893 2881 1113 2962 rationemque
1130 2881 1280 2953 turhatam
1307 2879 1411 2960 potius

226 2987 350 3068 reliquit
369 3003 456 3068 qnam
477 2987 535 3076 rite
555 2985 771 3065 compositam,
792 3001 894 3074 'quare
916 3001 1060 3072 perquam
1085 2987 1173 3046 eante
1196 2984 1262 3044 eius
1282 2981 1411 3054 historia

228 3085 398 3148 adhibenda
427 3090 485 3148 est.
535 3085 636 3148 Nihilo
656 3087 770 3148 secius
799 3085 890 3151 multa
919 3102 954 3145 se
982 3085 1112 3165 probant
1134 3105 1173 3147 a
1168 3083 1264 3148 Mose
1288 3088 1409 3146 narrata

228 3193 337 3270 estque
359 3189 388 3248 ln
411 3205 450 3250 eo
455 3183 657 3266 landandus,
681 3188 763 3270 quod
780 3187 960 3268 'pleruquo
978 3188 1079 3250 rantes
1101 3187 1179 3249 unde
1200 3185 1368 3250 hauserit
1359 3206 1408 3247 ιιι-

218 3288 321 3376 111111.
365 3289 543 3372 Sequitur·
533 3307 562 3350 m
585 3291 760 3351 universnm
782 3289 811 3350 in
832 3287 950 3350 illorum
973 3292 1138 3370 temporum
1158 3290 1284 3364 historia
1302 3287 1408 3348 lulium

227 3387 561 3466 Africanum31audat
591 3389 752 3474 losephnm
793 3408 930 3472 qnoque3
965 3387 1070 3455 iuahuit
1107 3395 1195 3454 etiam
1225 3390 1409 3453 Bardesanis

228 3495 363 3575 scripta,
396 3509 438 3554 ex
466 3489 574 3575 quibus
597 3493 760 3558 Armeniae
793 3511 902 3588 regum
924 3491 1078 3578 idstoriann
1107 3495 1144 3556 ab
1169 3493 1344 3558 Artavasde
1367 3494 1409 3568 (ni

227 3595 319 3658 fallor
354 3595 435 3658 illo
443 3612 529 3716 ιιιιιιιιι
561 3594 713 3660 Antonius
752 3597 905 3676 captivum
936 3570 1040 3678 durii)
1068 3598 1106 3660 ad
1136 3597 1282 3682 Coeroem
1311 3615 1408 3679 nsque

227 3699 381 3781 (tempore
411 3696 524 3761 Severi
562 3695 758 3779 regnantem)
793 3714 850 3758 se.
861 3697 1089 3760 contexuisse
1101 3699 1183 3762 dicit:
1228 3699 1407 3768 Africanum

207 3802 344 3882 antem,
374 3817 571 3882 quaecunque
593 3801 631 3863 de
650 3799 812 3862 Armeniae
830 3799 959 3878 regilius
977 3803 1098 3880 oanni,
1122 3818 1159 3863 ea
1182 3801 1407 3884 deprompsisse

226 3905 329 3966 menet
358 3919 400 3964 ex
427 3904 577 3986 tabulario
598 3902 789 3981 Edessae,
771 3919 810 3962 -un
823 3919 920 3984 ,quam
942 3902 1045 3988 urbem
1066 3902 1134 3962 libri
1156 3906 1274 3965 vetusti
1296 3903 1334 3964 de
1355 3904 1405 3966 ia·
1489 3897 1490 3904 '

155 4059 158 4065 .
224 4023 329 4068 norum
363 4001 497 4068 historiis
527 4024 544 4068 e
570 4005 670 4068 Nisilai
698 4009 730 4068 et
762 4003 879 4084 Sinope
910 4003 1037 4067 Pontica
1067 4003 1191 4066 advecti
1217 4007 1281 4069 sint
1310 4003 1406 4088 (Mos.

224 4105 318 4171 Cher.
344 4128 376 4189 p.
407 4103 510 4192 101.).
552 4108 649 4171 lluins
677 4105 819 4194 tabularii
848 4105 979 4168 meminit
1010 4091 1108 4192 etiqm'
1129 4095 1297 4187 Edsebius,
1329 4109 1406 4188 ipse

222 4281 431 4294 n—-a--q

324 4393 412 4463 1)(11.
430 4395 533 4462 lirad't,
561 4395 684 4466 Topogr.
704 4409 757 4448 ron
776 4392 860 4448 leros.
877 4405 941 4462 pag.
960 4397 1021 4447 212.
1038 4405 1080 4460 aq.
