2956 5004
211 275 276 344 896

213 467 322 514 vocem
344 451 377 516 et
397 451 596 530 sententiam,
625 448 724 532 qualis
746 469 788 512 ex
811 448 956 514 oreleru
977 449 1132 531 profflse
1156 446 1213 512 vel
1234 447 1265 508 ln
1286 443 1382 510 arche-

212 554 290 636 lypu
312 553 553 634 llvangellorum
577 550 730 616 Aramaec
760 553 858 616 iulsse
889 552 948 632 ipsi
983 552 1142 632 videatur,
1174 568 1255 633 qnae
1278 567 1384 610 sensum

212 653 303 744 phane
320 657 488 720 *diversum
510 654 640 736 praebet
655 645 699 718 'ab
723 673 779 736 eo,
803 671 891 737 quem
914 653 944 714 in
967 651 1087 717 Graece
1107 653 1273 732 memus,
1299 643 1339 714 ita
1358 651 1386 710 ut

215 753 327 820 Graeci
353 759 460 820 textus
487 773 611 819 errores
632 760 766 840 statuat,
793 757 845 818 ubi
868 755 907 816 ad
929 752 1100 820 mamaeae
1124 757 1216 819 vocis
1237 755 1385 817 veritatem

213 874 365 920 revocare
396 859 501 922 studet
516 856 558 942 ¹).
606 857 742 922 blaxlme
769 858 800 920 id
822 858 906 939 egli,
935 860 971 920 ui
991 857 1237 937 Evangeliorum
1259 857 1386 919 varieta-

215 959 301 1022 tes'a
322 961 419 1023 valiis
439 960 611 1025 Aramaeae
641 961 795 1025 cuiusdam
825 962 914 1024 vocis
935 963 1108 1029 notionibus
1130 961 1308 1042 repeteret,
1335 975 1387 1040 qua

217 1060 248 1124 in
268 1077 305 1124 re
326 1063 443 1127 minime
461 1064 594 1129 feliciter
614 1065 692 1143 egit.
840 1061 844 1068 '
1171 1127 1174 1132 ,

319 1161 464 1256 liquidem
495 1185 582 1250 quum
610 1157 738 1249 primuni
766 1165 940 1244 Evangelia
967 1163 1099 1246 syriace
1130 1163 1291 1242 legerem,
1321 1159 1388 1222 adeo
1421 1189 1426 1202 ·

217 1260 334 1346 placuit
353 1280 450 1353 se'que
473 1269 542 1333 mibi
563 1270 785 1334 commendavit
796 1267 873 1330 baec
887 1267 1062 1350 Scriptura,
1081 1270 1116 1332 ut
1130 1267 1261 1330 animum
1277 1263 1389 1325 induco-

217 1382 301 1449 rera,
321 1386 364 1432 ex
382 1373 526 1442 versione
542 1372 675 1453 Syriaca
685 1371 906 1462 ‘annotatIoucs
927 1371 1064 1434 scribere
1079 1371 1118 1434 ad
1133 1372 1283 1453 quattuor
1295 1365 1388 1426 livan-

218 1461 321 1552 gella,
349 1474 476 1557 quibam,
506 1476 535 1537 sl
565 1476 692 1538 aliorum
718 1491 875 1536 assensum
906 1477 1016 1538 nactae
1046 1453 1171 1553 esseut,
1198 1470 1313 1533 similes
1338 1467 1388 1528 ad·

219 1570 322 1634 derem
346 1574 376 1636 ln
407 1593 510 1638 omnes
539 1577 580 1639 N.
604 1577 645 1639 T.
668 1575 775 1673 llbrcp.
818 1574 925 1660 Neque
948 1578 978 1638 lu
999 1577 1158 1658 posterum
1182 1573 1301 1637 abhoc
1323 1587 1387 1634 eon·

219 1672 289 1734 silio
329 1675 421 1756 plane
457 1678 573 1741 destiti.
621 1671 697 1740 Nam
733 1694 847 1740 revera
875 1667 979 1746 versic
1009 1676 1142 1757 Syriaca
1172 1679 1336 1759 apparatus
1361 1676 1387 1737 et

219 1769 382 1840 thesaurus
410 1778 578 1842 uberrimus
608 1781 754 1845 dicendis
786 1783 836 1844 est
867 1781 906 1842 ad
935 1780 1095 1850 dictionem
1124 1780 1166 1842 N.
1199 1779 1241 1842 T.
1265 1777 1389 1842 facillime

221 1875 449 1962 explicandam,
467 1899 566 1966 neque
580 1873 704 1964 dubito,
727 1883 797 1965 qudn
813 1881 851 1944 ab
867 1883 1020 1961 omnibns,
1041 1881 1174 1964 ,maxime
1187 1883 1214 1943 si
1230 1879 1390 1958 llvangelia

221 1973 354 2057 Syriaca
381 1981 533 2070 legerint,
567 1989 656 2048 tenor
677 1986 823 2067 colorque
845 1985 992 2056 orationis
1015 1983 1107 2046 mulio
1129 1983 1253 2048 lacillus
1276 1981 1388 2064 perspi-

222 2077 379 2168 clatur2).
421 2085 489 2150 lloc
515 2091 617 2153 tamea
647 2087 716 2150 lc'co
744 2086 885 2150 sufficiat·
909 2086 1059 2168 exemplis
1082 2086 1202 2169 aliquoi
1225 2086 1256 2148 id
1278 2085 1390 2147 demun·

220 2183 351 2248 enasse.
403 2188 532 2251 PrImum
568 2191 682 2256 autem.
704 2188 822 2250 indoles
856 2189 1024 2270 versionis
1044 2171 1198 2269 Syriacae
1232 2185 1389 2251 accuratius

221 2281 421 2374 describenda
450 2293 517 2364 esi3
546 2292 679 2356 virtutes
711 2291 787 2353 enim
811 2290 973 2372 primariae
995 2291 1064 2352 eius
1085 2308 1144 2352 non
1167 2293 1284 2355 tantum
1304 2289 1389 2350 inter-

220 2386 302 2466 preti
328 2389 506 2456 tribuendae
534 2396 621 2475 sunt,
657 2395 800 2476 quantum
828 2410 870 2454 ex
894 2375 1023 2488 liuguae
1044 2393 1142 2475 ipsius
1162 2394 1266 2456 indole
1288 2390 1388 2454 redun-

222 2485 313 2565 dant3
347 2473 442 2558 lr'tbet
475 2495 584 2558 deiude
624 2499 657 2558 et
687 2483 938 2576 interpres·‚lpse
963 2513 1035 2557 suas
1068 2495 1175 2558 laudes
1205 2495 1261 2560 sed
1292 2493 1388 2556 mixtae

224 2589 310 2657 utus
329 2597 367 2698 ot
388 2597 554 2662 erroribus.

226 2759 429 2778 Ἣ
447 2782 453 2794 ·

328 2896 358 2968 1)
382 2898 506 2958 Winerue
532 2905 559 2956 in
584 2901 649 2961 diss.
668 2902 700 2956 de
719 2916 769 2955 usn
787 2916 857 2956 vers.
876 2899 935 2971 Syr.
955 2903 1049 2956 critico
1068 2903 1130 2974 bag.
1148 2909 1175 2960 2.
1194 2904 1314 2976 recenset
1330 2897 1386 2952 scri·

223 2980 271 3046 pta
296 2995 402 3055 quoqne
425 2986 519 3055 plura,
552 2989 621 3058 qnae
648 2986 683 3042 ad
706 2973 1022 3062 urnmhcrmeneuti'cum
1043 2990 1186 3058 pertinent.
1224 2988 1252 3045 C.
1272 2986 1386 3049 Secutae.

224 3063 337 3121 miculae
363 3084 395 3122 ex
420 3068 453 3126 N.
482 3069 514 3126 T.
533 3064 655 3143 Syliacc.
671 3071 788 3126 hlidorl.
807 3077 867 3128 703.
884 3073 910 3127 4.
932 3070 1008 3142 (Chr.
1027 3071 1058 3128 B.
1075 3071 1220 3128 Michaelis
1238 3073 1330 3126 lumina
1346 3065 1387 3134 Sy-

224 3147 300 3201 riaca
324 3151 379 3205 alio
402 3154 463 3209 loco
483 3157 594 3211 laudata
616 3158 695 3229 legi).
732 3155 771 3213 M.
790 3155 890 3212 Weber
908 3157 940 3212 de
958 3173 1008 3213 usu
1024 3171 1095 3213 vers.
1116 3156 1149 3212 N.
1167 3157 1201 3212 Τ.
1219 3158 1278 3229 Syr.
1296 3153 1387 3226 herme·

223 3235 338 3288 Πθῑῐῑῑῦθ·
363 3234 439 3306 Lini·
463 3248 523 3300 778.
547 3249 572 3300 8.
607 3241 638 3296 F.
664 3239 695 3295 G.
716 3239 821 3308 Maian,
845 3231 974 3312 Beit'rige
991 3259 1039 3296 zur
1055 3241 1211 3314 Erilirung
1238 3243 1282 3297 des
1297 3236 1387 3302 Evaug.

223 3307 321 3369 Metili·
340 3315 417 3375 Wien
436 3329 511 3382 1816.
532 3332 557 3384 8.
593 3324 647 3379 Des
665 3313 815 3393 lohannes,
835 3325 903 3380 Linz
919 3334 994 3386 1818.
1012 3334 1039 3386 8.
1074 3327 1106 3384 A.
1125 3325 1154 3383 F.
1170 3325 1314 3384 Pleillerin
1326 3333 1388 3374 vers.

223 3393 285 3470 sii·
310 3402 331 3456 Ῑ·
356 3403 391 3458 811
417 3405 487 3463 Tim.
513 3424 554 3480 ep.
580 3407 691 3480 Erlang.
718 3415 796 3468 1776.
821 3411 847 3465 4.
890 3409 910 3465 l.
934 3411 973 3468 M.
992 3411 1081 3468 Faber
1099 3411 1225 3470 obscr'vv.
1243 3417 1268 3467 in
1285 3425 1322 3479 ep.
1338 3403 1387 3457 lai·

226 3497 258 3538 ex
276 3483 360 3558 Syro,
381 3489 500 3566 (iuburg.
519 3509 541 3548 s.
562 3509 587 3548 a.
604 3495 630 3550 4.
664 3493 756 3549 lidda:
774 3493 884 3565 Agroi,
904 3496 937 3550 de
955 3496 1071 3553 dictione
1090 3497 1122 3552 N.
1142 3499 1175 3555 T.
1189 3498 1306 3554 liexion.
1323 3493 1389 3548 1798

225 3571 311 3627 otiola
334 3575 446 3647 Syriaca
468 3575 553 3634 Lund.
580 3584 656 3638 1816.
680 3579 707 3637 4.
732 3597 759 3650 p.
785 3583 909 3640 53-58.
934 3613 968 3626 -
1011 3580 1066 3634 llos
1085 3583 1171 3637 libros
1189 3586 1318 3654 inspicere
1333 3571 1387 3628 nihi

223 3667 278 3710 non
301 3658 408 3733 obtigit.
450 3662 563 3720 Omnino
588 3668 616 3720 ln
640 3666 761 3736 plurimis
785 3666 956 3722 bibliothecis
982 3666 1188 3722 dissertationes
1207 3673 1235 3721 et
1252 3653 1389 3733 scriptaad

223 3743 375 3800 versionem
404 3747 542 3822 Syriacam
570 3753 733 3822 pertinentia
757 3751 896 3807 admodum
923 3766 1006 3824 parca
1030 3767 1109 3806 manu
1128 3753 1242 3806 collecta
1262 3754 1326 3806 suni.
1357 3739 1389 3796 Ei

224 3826 422 3897 antiquioribus
441 3835 480 3888 ci.
493 3835 568 3890 Rich.
586 3836 692 3902 Simon,
718 3835 781 3891 hisi.
799 3837 846 3892 des
866 3838 996 3894 Versions
1015 3837 1049 3890 du
1070 3835 1102 3890 N.
1121 3835 1153 3890 T.
1173 3834 1251 3907 chap.
1268 3833 1321 3892 XV.

185 3979 191 3990 .
293 3971 298 3982 .
327 3927 359 3996 2)
381 3929 420 3985 lo.
443 3927 539 3990 Frar'rc.
562 3935 665 4002 Bernd‚
683 3935 858 3992 schediasma
875 3935 1235 4007 philologico-eregeticuin
1254 3936 1287 3990 de
1303 3931 1388 4002 prina-

224 4008 273 4061 riis
296 4012 454 4081 quibusdam
478 4023 611 4074 versionis
630 4019 758 4090 Syriacae
782 4023 926 4077 virtutihus
951 4023 978 4076 ln
997 4020 1163 4092 quorundam
1182 4020 1215 4074 N.
1234 4021 1267 4075 T.
1284 4019 1388 4072 locorum

223 4091 404 4168 illustratione
431 4105 592 4182 conspicuis.
633 4104 734 4162 Scribit
759 4107 804 4160 ille
831 4109 858 4159 in
884 4108 935 4162 line
961 4122 987 4176 p.
1010 4108 1072 4162 24:
1100 4105 1186 4171 „Non
1208 4106 1314 4162 difficile
1337 4093 1390 4154 mill

223 4171 308 4246 lohet,
342 4185 421 4253 plura
444 4187 574 4240 eiusmodi
599 4189 752 4243 collationis
779 4191 899 4259 exempla
923 4190 1073 4257 adducere;
1099 4191 1311 4264 quandoquidem
1329 4185 1388 4240 nitra

222 4257 425 4336 chiliadcmex
452 4273 656 4326 instructissimo
689 4272 797 4338 isthoc,
827 4289 880 4329 non
911 4291 1008 4332 vereor
1042 4275 1145 4342 dicere,
1186 4274 1385 4336 hermeneuiicac

224 4359 318 4403 sacrae
337 4350 464 4406 thesauro
484 4355 597 4411 collecta
616 4354 732 4414 habe0.“
