3006 5004
239 291 303 356 aot

242 464 313 537 17.;
342 463 390 543 V,
420 461 489 538 lec
520 463 609 528 llam.
634 463 667 545 l,
694 463 761 538 143
787 462 854 526 lod.
881 460 951 537 la,
979 461 1004 526 l.
1027 461 1099 526 Cor.
1123 461 1183 543 Vl,
1206 459 1265 538 133
1296 463 1377 544 Vll,
1403 464 1436 526 2.

242 569 389 632 soarecn
422 581 641 647 saepenumero
677 567 857 649 supplentur
888 566 941 628 vel
969 568 1165 646 repetuntur,
1201 567 1271 628 item
1301 567 1433 630 Prono-

238 671 331 749 mina,
364 671 453 733 etlam
487 669 558 733 loeo
589 669 775 732 Pronominis
812 667 892 730 hand
920 686 990 732 raro
1017 669 1115 748 ipsum
1146 669 1262 730 Nomen
1293 669 1430 749 legitur.

239 773 322 836 Ordo
353 790 475 854 qnoque
505 774 537 835 et
568 775 721 850 structura
752 773 913 838 verborum
944 774 977 833 ut
1001 774 1165 832 mutaretur
1195 770 1320 850 linguae
1344 776 1430 836 ratio

239 891 458 954 saepenumero
487 859 658 955 postulavit
675 872 724 959 ¹);
753 875 887 938 Verlonm
915 873 980 934 iere
1005 873 1115 956 ubique
1137 875 1175 936 ab
1199 873 1283 936 initio
1301 875 1444 955 ponitur·

241 979 375 1057 excepto
402 976 554 1040 lntnltivo
584 981 616 1041 et
637 977 823 1059 Partlciplo,
853 991 931 1058 quae
951 977 1076 1056 saepius
1099 976 1137 1042 ad
1157 977 1244 1038 linem
1265 977 1429 1056 delegan-

238 1084 305 1159 tur,
325 1077 492 1142 Adiectira
505 1079 717 1144 Substantivls
730 1080 969 1162 postponuntora
992 1095 1132 1142 numeros
1146 1078 1305 1142 cardinalis
1322 1079 1426 1143 locam

238 1181 318 1244 lrand
341 1200 410 1244 raro
425 1186 510 1248 tenet
524 1186 594 1274 apte
610 1183 743 1264 Nomen,
764 1182 892 1261 negatio
906 1182 976 1243 ante
998 1183 1125 1246 verbnm
1144 1183 1316 1262 negandum
1339 1185 1427 1246 scri·

237 1287 329 1356 nitur.
374 1283 555 1350 Manendum
585 1291 635 1350 est
663 1287 693 1348 id
722 1303 863 1372 qnoque,
891 1283 971 1368 quod
990 1277 1134 1366 pluralem
1157 1285 1257 1366 Syrus
1279 1303 1425 1348 nonnun-

238 1408 325 1470 quam
353 1378 449 1463 mutat
476 1391 505 1452 ln
530 1389 735 1467 singularem,
763 1387 898 1470 uliquis
920 1387 958 1450 do
982 1403 1017 1448 sc
1040 1388 1108 1478 ipso
1129 1387 1197 1449 selo
1221 1386 1359 1471 loquitur
1373 1385 1425 1471 ²];

239 1491 277 1552 ll.
301 1489 373 1554 Cor.
397 1490 447 1572 X,
471 1490 520 1568 8.;
546 1491 571 1554 1.
594 1489 708 1552 Thess.
730 1489 864 1570 1V‚a.;
890 1487 1016 1570 Gall,
1041 1489 1073 1554 9.
1117 1489 1208 1569 Syris
1229 1510 1322 1572 porro
1343 1511 1423 1574 pro-

239 1597 334 1676 prium
362 1597 429 1674 est,
458 1598 491 1658 ot
512 1594 701 1677 alloquentes
723 1593 753 1654 ln
777 1610 859 1674 pers.
882 1591 923 1654 ll.
944 1587 1023 1673 post'
1036 1593 1244 1656 interveniens
1264 1594 1317 1658 vel
1339 1595 1423 1658 Par-

238 1698 371 1776 ticipinm
400 1694 452 1758 vel
475 1694 643 1758 Pronomen
670 1695 832 1758 relativum
861 1711 1030 1757 sermonem
1052 1694 1215 1778 aliquando
1237 1714 1279 1758 ex
1303 1713 1367 1760 sec.
1392 1697 1422 1758 in

238 1802 310 1862 tert.
347 1780 531 1860 deflectant:
552 1816 583 1882 'o
615 1797 825 1878 Hierusalem,
861 1798 1003 1860 occidens
1037 1785 1224 1880 prophetas,
1258 1799 1308 1880 qui
1336 1797 1422 1860 missi

239 1903 310 1962 sunt
338 1899 377 1963 ad
406 1901 520 1982 ipsam3
552 1897 622 1962 Gal.
648 1899 712 1980 lV,
731 1897 803 1963 ‘lim
833 1901 924 1964 dieite
946 1899 1015 1962 milri
1038 1903 1113 1980 vo's,
1145 1901 1196 1982 qui
1216 1899 1325 1962 volout
1348 1919 1422 1962 esse

240 2003 296 2064 sul>
319 2003 394 2082 lege
417 2007 478 2067 ete.
521 2001 622 2087 Quare
643 2022 720 2086 opus
746 1997 795 2068 est
817 2007 960 2073 accurata
983 2004 1113 2082 linguae.
1132 2003 1282 2084 Syriacae
1303 2005 1420 2082 cogni-

222 2107 337 2186 tione,
370 2123 408 2167 ne
435 2107 504 2190 quls
530 2108 558 2168 in
589 2107 626 2168 lis
647 2107 842 2190 interpretem
869 2107 958 2170 aliter
980 2107 1100 2186 legisse
1121 2109 1228 2188 potet,
1253 2107 1281 2166 in
1306 2107 1418 2189 qollros

240 2229 257 2271 a
280 2213 368 2296 texto
390 2200 509 2271 Graeco
540 2209 690 2289 declinat,
719 2212 752 2270 ut
772 2209 897 2288 linguae
918 2210 1069 2289 Syriacae
1092 2209 1238 2270 rationem
1259 2213 1419 2292 sequatur.

239 2325 423 2389 Notissimos
446 2329 495 2389 est
519 2310 702 2400 nereidem
728 2347 801 2389 usus
824 2327 994 2409 abundans,
1017 2323 1088 2392 lte‘m
1104 2327 1328 2419 l’ronominunr,
1350 2349 1419 2391 ma-

239 2445 319 2506 xime
354 2439 542 2508 sultixorurn'.
592 2445 694 2510 llalr'et
720 2447 921 2530 proculdubio
949 2449 1101 2528 interpres
1130 2447 1219 2508 etiam
1245 2466 1317 2508 suas
1349 2449 1418 2529 ipse

211 2547 456 2632 proprietates.
501 2547 627 2611 Multum
657 2549 695 2612 ad
722 2551 799 2614 hanc
827 2571 889 2614 rem
921 2551 1081 2615 uenierunt
1104 2545 1177 2612 cnr.
1200 2549 1236 2610 B.
1257 2547 1418 2613 liliclraelis

230 2635 380 2740 'syntariis
407 2648 538 2730 Syriaca
567 2653 692 2734 eiusque
720 2653 948 2736 supplementa,
984 2647 1067 2736 'quae
1093 2650 1255 2729 Agrellius
1275 2653 1417 2734 scripslt3

238 2757 272 2816 nt
307 2754 383 2814 enim
413 2751 571 2816 Michaelis
606 2774 647 2838 ex
677 2755 716 2816 N.
743 2757 800 2837 T„
838 2757 880 2819 ita
910 2755 1070 2834 Agrelliur
1098 2771 1139 2815 ex
1169 2753 1238 2814 aliis
1268 2753 1416 2833 Syrorum

238 2856 438 2938 scriptoribus
470 2857 610 2940 exempla
639 2856 784 2937 collegit,
814 2860 922 2942 quibus
944 2859 1093 2938 Syrorum
1116 2857 1203 2936 ratio
1218 2856 1336 2935 dicendi
1357 2875 1416 2919 co-

239 2962 419 3036 gnoscatur.
443 2959 535 3029 ,lluc
564 2959 745 3022 referendae
769 2964 840 3024 sunt
864 2961 1035 3024 locutiones
1057 2975 1178 3040 qnoque
1197 2959 1267 3020 sive
1290 2957 1432 3040 phrases,

237 3062 328 3140 Syris
353 3059 519 3142 vulgares,
552 3082 604 3125 ex.
628 3081 679 3142 gr.
703 3063 852 3146 quomodo
877 3064 994 3127 Graeca
1016 3052 1152 3138 dannot,
1183 3057 1287 3142 ἕτερος
1312 3061 1416 3143 expll-

224 3166 306 3224 cent
328 3167 388 3225 etc.
413 3166 474 3225 eto.

339 3293 378 3355 ll.
427 3289 554 3357 Praeter
593 3293 678 3386 hanc.
705 3295 932 3378 diversitatem,
969 3313 1045 3377 qnae
1082 3297 1116 3358 ut
1147 3295 1307 3358 intercedit
1336 3297 1415 3357 inter

236 3395 541 3482 lingnamGraecam
564 3401 596 3460 et
618 3379 795 3478 Syriacam,
819 3401 862 3462 lta
885 3399 1043 3480 interpreti
1065 3416 1157 3460 causa
1176 3398 1248 3476 suit,
1271 3400 1303 3456 ut
1319 3396 1413 3458 multa

236 3503 382 3579 mutaret,
413 3499 607 3581 deflecteret,
630 3502 735 3562 ordine
757 3502 881 3564 inverso
905 3503 1050 3581 poneret,
1082 3500 1134 3562 vel
1155 3499 1248 3561 minus
1271 3499 1413 3560 accurate

235 3601 397 3682 redderet,
421 3633 466 3650 ·-
496 3604 668 3668 libertatem
698 3606 731 3666 et
759 3605 912 3667 arbitrium
934 3603 1110 3684 interpretis
1128 3601 1274 3663 Winerus
1294 3618 1413 3662 cansam

235 3705 361 3767 alteram
393 3709 516 3786 statuit,
547 3728 600 3772 cur
627 3708 727 3770 multis
751 3708 780 3768 in
805 3706 881 3768 locis
903 3725 921 3768 a
943 3710 1031 3770 textu
1062 3704 1204 3782 originali
1230 3705 1332 3785 Syrus
1354 3703 1414 3766 ali-

234 3897 443 3910 *w

342 4031 369 4097 1)
388 4028 436 4082 Est
454 4043 640 4100 nonnunquam
659 4026 792 4096 emphasis
810 4031 960 4079 structurae
978 4025 1125 4095 singularis
1144 4027 1173 4078 in
1191 4021 1311 4078 Graeco:
1337 4015 1416 4092 κριτῇ

234 4109 294 4180 θεῷ
319 4112 434 4170 πάντων
452 4146 487 4158 -
507 4107 527 4182 ᾧ
546 4120 591 4168 sal
615 4110 733 4179 δεκάτην
756 4109 886 4180 ’Appenino
903 4107 1002 4170 idunan
1019 4145 1027 4163 .
1046 4147 1053 4165 .
1071 4145 1078 4162 .
1099 4144 1106 4160 ·
1124 4103 1330 4178 dmnrpcdppqc.
1364 4103 1413 4174 sy-

173 4223 177 4230 ·
234 4213 279 4252 rns
300 4197 421 4254 ordinem
439 4200 579 4270 uulgarem
596 4199 673 4267 sequi
691 4195 779 4272 debet.

335 4299 366 4366 2)
386 4299 426 4353 Cl.
445 4297 554 4369 Agnou,
580 4297 734 4374 supplerem.
752 4299 897 4364 syntaxeos
911 4291 1039 4363 Syriacae
1059 4296 1086 4365 §.
1105 4293 1149 4350 4³·
1168 4303 1232 4360 pog-
1249 4293 1308 4348 on:
1327 4284 1412 4352 „Sin-

231 4377 335 4447 gularis
354 4387 380 4435 et
398 4384 511 4452 pluralis
530 4385 631 4452 prinae
649 4393 782 4451 personae
800 4379 963 4434 alternant.“
