3014 5008
210 263 273 332 158

210 439 275 500 ient
299 381 335 496 et
357 449 467 494 uersus
493 433 526 494 et
547 430 715 494 sententies
736 426 838 492 multis
861 425 1031 490 interuallis
1053 425 1083 486 tn
1107 423 1274 507 porticulus
1294 423 1398 486 urinu-

196 539 344 608 ,tissnms
373 534 563 596 distribuere.
604 533 753 594 Numerus
776 533 892 610 Ιστίχων
913 543 972 590 uon
994 528 1115 590 multum
1140 527 1270 610 discedit
1293 546 1311 588 u
1333 547 1397 588 uu-

209 637 476 766 mermi-Q&
523 650 722 742 Numerantur
756 649 832 710 enim
864 649 990 727 Evang.
1026 646 1175 710 Matthaei
1211 649 1313 726 στίχοι
1339 651 1398 728 pop

107 775 110 780 ’
218 775 316 838 Murci
336 777 384 851 pt,
405 770 506 830 Lucae
528 773 594 850 pix,
616 768 736 830 ioannis
766 771 833 852 „812
852 785 975 849 quorum
999 785 1112 826 summe
1130 767 1180 825 est
1199 761 1287 826 9900
1302 765 1396 846 (Syr.

216 870 330 954 9863).
374 870 520 952 Actorum
549 874 619 932 sunt
638 874 740 950 στίχοι
767 874 839 950 ,tium
871 845 957 932 Peul'i
977 886 1049 948 epp.
1075 857 1315 948 quattuordecim
1343 891 1396 946 ,em

214 975 264 1039 Cf.
291 965 380 1035 mrim
411 973 565 1050 Proiegg.
593 991 623 1032 ιι.
656 969 754 1034 1030.
806 969 1020 1033 Stichometria
1048 968 1086 1029 ud
1114 967 1283 1032 Buthaliunu
1312 967 1395 1031 Ate-

212 1069 387 1138 xunufrinum
407 1076 556 1147 refertur3
581 1077 613 1136 ut
637 1074 784 1136 Ammonii
813 1075 844 1134 et
864 1070 988 1132 Eusebii
1017 1087 1167 1150 canones,
1196 1071 1239 1132 ita
1260 1071 1396 1133 liuthalii

211 1184 337 1260 στίχους
366 1174 441 1255 Syri
468 1176 617 1256 probasse
648 1177 808 1255 videntur,
842 1175 901 1235 nisi
922 1171 1090 1236 mutianum
1115 1173 1274 1254 putaveris
1298 1192 1397 1234 secu-

212 1285 274 1344 tum
295 1296 366 1340 esse
388 1259 591 1357 inventionem
617 1279 777 1358 Syrorum.
1241 1257 1247 1268 ⁵

314 1379 348 1442 lu
384 1380 515 1442 maxime
549 1379 617 1458 itia,
656 1397 742 1459 quom
779 1377 923 1455 diximus,
960 1377 1066 1438 textus
1097 1374 1218 1456 Syriaci
1241 1377 1394 1459 aequeti-

212 1483 298 1547 lttute
330 1484 532 1546 consonantes
556 1482 582 1542 si
607 1485 751 1562 spectas,
779 1479 867 1546 dubie
891 1479 1017 1560 plurimo
1039 1477 1146 1539 relicta
1167 1481 1254 1540 erunt
1276 1478 1306 1538 tn'
1329 1497 1394 1540 vo-

212 1585 341 1648 catibus.
386 1584 489 1664 Atque
511 1581 570 1648 hoc
594 1583 712 1664 quidem
736 1583 804 1646 teou
825 1582 972 1644 industrie
995 1580 1313 1659 Syrorum'ieuduude
1331 1584 1393 1661 est,

212 1707 272 1770 que
301 1688 407 1748 textus
439 1684 520 1744 sacri
549 1685 775 1762 ambiguitatem
805 1703 918 1748 omnem
948 1682 1057 1744 tollere
1087 1681 1268 1744 studuerint.
1289 1671 1301 1764 J
1315 1681 1394 1742 Eum

213 1791 307 1866 euim,
345 1803 424 1868 queo
450 1787 500 1848 est
526 1765 692 1848 litterarum
723 1791 756 1850 et
785 1787 1001 1850 Hebruioorum
1030 1785 1062 1844 et
1089 1782 1284 1861 Syriecerum
1299 1785 1393 1850 ‚ratio

212 1890 374 1966 ambigue,
412 1887 501 1948 dubio
536 1889 714 1970 minimeque
740 1877 895 1970 perfecta,
929 1888 1161 1965 compensarunt
1187 1888 1247 1948 tom
1279 1887 1394 1950 exacto

213 1997 245 2056 et
274 1991 394 2054 curioso
425 1987 576 2052 vocalium
606 1994 791 2072 systemate,
822 1994 855 2053 ut
875 1988 1007 2052 nesciam
1029 1967 1183 2048 admireris
1204 1991 1265 2050 tum
1290 1987 1394 2051 nubti-

212 2097 271 2158 iem
291 2111 389 2182 curum
410 2110 448 2153 uu
469 2091 582 2153 ridens.
625 2092 686 2155 ium
709 2093 900 2174 exploratum
922 2094 971 2153 est
991 2091 1103 2152 nostris
1126 2090 1329 2171 temporibus,
1351 2108 1395 2152 ex

211 2199 324 2280 puncto
349 2194 498 2272 Syrorum
530 2193 684 2256 diceritico
713 2197 961 2276 progerminusse
987 2190 1191 2274 paulatimque
1213 2193 1394 2272 completum

212 2317 283 2360 esse
311 2296 451 2374 systema
467 2295 639 2376 vocalium,
666 2296 746 2378 quod
767 2298 796 2357 in
818 2297 903 2358 litoris
927 2296 1023 2358 sacris
1044 2312 1103 2356 nun
1124 2295 1272 2372 Syrorum
1295 2294 1394 2356 sotum

212 2401 268 2462 sed
302 2398 389 2459 etiem
417 2395 595 2459 ludaeorum
632 2401 742 2478 postea
771 2398 932 2461 adhibitum
961 2397 1014 2458 ad'
1029 2400 1163 2462 nostrum
1190 2407 1286 2480 usque
1315 2396 1394 2458 diem

212 2500 388 2584 permansit.
431 2499 576 2562 Punctum
609 2500 683 2578 illuct
711 2500 895 2564 diceriticum
923 2502 981 2562 iam
1009 2497 1171 2579 Ephraemi
1199 2499 1396 2578 temporein*

114 2647 121 2662 .
214 2605 319 2666 codice
335 2618 428 2672 ,sacro
451 2599 613 2663 adhibitum
636 2603 731 2664 tuisse
751 2604 819 2666 inte
841 2601 1005 2672 verisimile
1028 2603 1094 2678 est,
1114 2603 1194 2691 quod
1216 2601 1254 2663 ed
1276 2597 1394 2662 Genes.

212 2703 369 2783 xxxvi,
395 2699 448 2762 24·
477 2700 533 2784 (Τ.
562 2703 586 2766 1.
618 2724 695 2785 pag.
728 2703 817 2788 184.)
841 2707 885 2769 ite
907 2705 1030 2768 scribit:
1061 2703 1214 2784 „Attinet
1234 2703 1313 2766 scire
1335 2719 1394 2762 nos

212 2823 270 2887 huc
296 2839 390 2903 usque
413 2793 520 2902 1ξὲοέ
541 2822 695 2884 invenisse
723 2825 753 2884 in
779 2826 908 2906 utroque
929 2823 1127 2885 'testamento
1148 2838 1246 2903 neque
1269 2785 1389 2910 ἶβις»,

211 2957 255 3020 uti
277 2957 418 3037 puerunt
431 2957 561 3018 non‘nulti
577 2958 779 3038 imperitorum
804 2930 991 3054 (MQL
1006 2941 1035 3032 U
1053 2947 1115 3052 <h
1131 2929 1274 3049 (aaut).
1317 2953 1394 3014 Erat

213 3075 307 3151 igitur
335 3091 401 3134 vox
432 3074 461 3133 in
491 3074 597 3136 Bibliis
624 3074 765 3138 distincte
796 3077 896 3158 utiquo
926 3077 1176 3158 pronuntiationis
1197 3076 1301 3154 siguo.
1344 3072 1393 3134 De

211 3171 298 3234 huius
327 3174 429 3252 puncti
457 3193 515 3237 usu
548 3177 633 3236 vario
658 3179 690 3238 ct
714 3180 940 3242 accuratissimo
964 3197 1020 3242 uec
1043 3196 1102 3239 uon
1124 3178 1162 3239 de
1183 3176 1304 3258 punctis
1324 3174 1394 3252 Sy-

210 3293 308 3336 rorum
338 3274 497 3336 voeatibus
529 3295 571 3338 ex
601 3281 713 3356 puncto
743 3279 898 3342 diceritico
927 3281 1064 3344 formatis
1091 3282 1202 3362 primus
1232 3277 1305 3338 mire
1332 3293 1393 3334 sa-

211 3363 349 3456 ga'cnate
373 3381 465 3458 atquo
486 3379 760 3460 ruuton'sumntato
788 3383 912 3464 scripsit
934 3383 1122 3464 nuptum„
1150 3379 1257 3443 cernue
1282 3375 1394 3438 ewar-

211 3479 267 3540 du·
288 3477 388 3540 multis
409 3482 441 3540 et
463 3481 558 3541 variis
579 3481 727 3559 Syrorum
746 3483 900 3548 codicibus
920 3487 1097 3548 examinetis
1113 3483 1142 3568 ¹]
1166 3481 1392 3546 accuratissime

211 3582 355 3661 exposuit
391 3584 529 3661 systema
562 3583 712 3646 vocalium
743 3589 775 3648 et
802 3589 952 3670 antiquum
985 3591 1017 3650 et
1044 3587 1209 3650 recentius.
1261 3579 1394 3646 Codices

212 3683 431 3765 antiquissimi,'
456 3686 608 3766 scripture
632 3685 818 3767 Estrangelo
841 3689 980 3768 exorati,
1008 3689 1178 3770 adscriptus
1201 3704 1261 3749 uon
1279 3684 1395 3747 hebent

210 3784 356 3862 uocales,
381 3805 482 3862 ,voces
505 3790 602 3850 autem
629 3792 816 3872 aequivocos
838 3796 950 3873 puncto
971 3791 1125 3854 diecrittco
1149 3789 1328 3868 distinctas,
1352 3789 1395 3848 ite

210 3887 328 3966 tumen,
365 3890 397 3948 ut
425 3889 455 3950 iu
481 3889 547 3952 aliis
574 3894 785 3974 manuscriptis
811 3898 953 3978 saepius,
984 3895 1013 3954 iu
1041 3893 1109 3956 utils
1133 3893 1231 3954 rurius
1251 3890 1394 3973 reperiu-

210 4059 413 4074 -ι-η-ι--ιο

314 4163 344 4233 1)
373 4144 505 4233 impteti,
536 4161 611 4216 Stud.
638 4165 692 4218 und
714 4163 784 4218 Krit.
809 4154 889 4222 1830.
906 4171 949 4224 37.
972 4157 1081 4219 Eweld:
1110 4159 1324 4230 Athandlungen
1346 4173 1395 4210 zur

211 4247 420 4304 orientalischen
445 4246 499 4301 und
523 4245 673 4304 biblisehen
697 4247 842 4322 Literetur.
884 4256 908 4306 1.
926 4247 994 4304 'Thi
1030 4245 1270 4317 Gottingen1832.
1305 4243 1395 4298 idem:

209 4328 339 4388 zeitschr.
359 4333 378 4389 1.
397 4331 430 4386 Κ.
448 4331 474 4388 el.
492 4327 646 4392 eunoun
664 4341 689 4389 2.
708 4339 784 4392 1837.
804 4336 847 4392 39.
