2974 5012
1252 291 1273 350 9

77 471 160 532 cium
196 468 231 530 et
264 461 462 545 privilegium
495 459 660 552 rhramaols·
690 458 806 536 ohttplt
842 459 940 522 media
971 461 1000 522 ln
1043 463 1143 552 terra,
1192 481 1271 544 qnae

79 589 128 632 ex
157 567 242 662 Asia*
266 567 297 628 in
330 565 483 644 h'uropam
510 565 542 624 et
567 560 706 624 Africam
730 560 876 625 tranacta
920 560 1094 625 Salomonis
1116 567 1219 628 aetate
1239 565 1269 626 ld

37 747 40 752 Ι
81 669 211 754 primurn
234 669 386 750 apparuit.
430 664 593 732 Aramaeis
617 663 693 726 enim
716 663 877 727 aDavide
897 663 1034 730 suhactis
1053 669 1087 728 et
1108 665 1273 730 Phoenici-

80 777 142 837 hus
173 775 203 836 in
234 771 378 838 foederis
400 769 561 832 amicitiam
586 767 744 846 receptis,
776 783 861 828 oarue
890 768 1038 829 terrarum
1066 770 1272 830 commercium

82 882 157 938 tunc
180 875 327 956 temporis
351 871 527 940 Salomonis
551 869 678 960 irnperio
701 867 842 952 traditum
862 869 894 930 et
916 877 1093 931 eoncessum
1116 872 1200 950 erat,
1221 869 1275 949 qul
1372 883 1377 888 ·

83 983 251 1060 postquam
281 975 493 1054 Thapsacum,
530 966 700 1050 Palmyram
730 969 867 1052 aliasque
894 970 1043 1054 stationes
1065 971 1117 1032 rel
1138 989 1273 1051 occupa-

86 1083 138 1146 vit
165 1079 218 1141 vel
248 1077 398 1156 condidit,
434 1075 504 1137 vias
528 1090 631 1139 omnes
650 1072 800 1152 obsedit„
830 1071 939 1152 quihus
961 1073 1079 1134 ohviarn
1098 1073 1159 1134 sihi
1180 1072 1273 1134 venl-

89 1185 216 1246 reniet
239 1179 495 1245 conversarentur
514 1173 648 1238 Orientis
670 1176 702 1236 et
727 1173 903 1236 Occidentis
931 1178 1045 1252 gentas
1069 1177 1102 1236 et
1119 1175 1272 1238 nationes.

88 1287 191 1371 Quare
213 1301 272 1346 non
297 1285 363 1356 ost,
391 1297 444 1342 cur
466 1277 621 1354 miremur,
647 1274 817 1339 ‚Aramaeae
839 1264 964 1353 linguae
980 1296 1064 1345 usum
1088 1277 1156 1339 olim
1179 1277 1272 1338 latis-

88 1390 196 1450 simum
224 1386 338 1464 luisse,
374 1399 464 1464 qnurn
490 1377 680 1458 plurimarum
707 1381 843 1455 gentium
866 1381 967 1440 mutuo
996 1380 1174 1444 commercio
1201 1396 1273 1438 scr-

90 1491 186 1552 uirct.
241 1485 362 1570 Quippe
401 1483 536 1559 cognata
567 1484 635 1544 erat
663 1479 788 1558 linguae
817 1479 1019 1559 Phoenicum,
1056 1480 1273 1558 Hebraeorum,

91 1591 250 1662 Arahums
283 1583 416 1646 ciusdem
446 1583 477 1642 in
502 1580 608 1644 cilicia
635 1583 667 1644 et
690 1579 888 1662 Cappadocia
910 1583 1048 1662 vestigia
1069 1582 1163 1646 inulta
1184 1600 1274 1644 scru-

91 1697 175 1758 tatus
205 1692 255 1752 est
283 1685 472 1758 Bochartns3
516 1701 609 1764 porro
638 1682 800 1770 Armeniae
827 1688 860 1747 et
886 1685 1128 1766 Mesopotamiae
1159 1685 1276 1748 incolas

91 1811 223 1876 corpore
252 1792 285 1854 ct
314 1806 367 1850 ore
390 1787 483 1848 valdo
505 1786 619 1848 sinriles
643 1787 756 1867 luisse,
788 1790 1123 1869 testantur-scriptores
1147 1789 1275 1869 antiqui.

89 1899 139 1960 lta
160 1899 377 1960 Aramaeorum
396 1891 503 1968 lingua
526 1889 655 1951 maxime
674 1892 748 1969 apta
767 1886 796 1972 Ι]
820 1891 997 1970 videbatur,
1027 1909 1107 1974 quae
1132 1891 1274 1952 diversas

93 2003 326 2080 circumquaque
349 1996 463 2072 gentes
484 2009 543 2052 uno
567 1991 654 2072 quasi
682 2009 735 2052 ore
765 1993 984 2070 coniungerem
1019 1993 1099 2074 quod
1125 1987 1273 2074 quomodo

94 2105 207 2167 iactum
228 2099 286 2178 sit,
315 2098 374 2160 iarn
395 2095 567 2161 accuratius
588 2094 676 2156 nohis
698 2095 908 2174 exponendum
930 2097 990 2156 est.
1213 2103 1214 2108 ’

583 2265 783 2276 ——·--—-——-

560 2461 561 2466 ,
612 2397 699 2464 (lar.
727 2398 765 2466 ll.

97 2541 150 2608 De
180 2537 351 2622 linguae
374 2531 605 2598 Aranacae
634 2550 705 2597 usn
736 2532 972 2620 inlimperio
995 2532 1276 2617 Assyriorum

404 2643 718 2727 Chaldaeorum,
749 2647 973 2715 Persarum.

199 2771 351 2857 Quaenam
371 2767 478 2846 lingua
500 2769 531 2830 in
558 2765 732 2848 Assyria
755 2769 878 2850 proprie
893 2769 974 2832 dicta
991 2769 1083 2831 luerit
1101 2769 1275 2850 vernacula,

97 2875 220 2940 dlilicile
244 2875 294 2935 est
315 2871 488 2934 diiudicare.
531 2871 661 2933 Primum
685 2871 842 2972 tenendum
866 2874 931 2950 est,
957 2869 1118 2948 Assyriam
1138 2889 1196 2930 non
1217 2871 1277 2962 mi-

98 3024 301 3042 ...-----

208 3107 238 3174 1)
264 3105 454 3160 Aramaeorum
479 3123 576 3160 nomen
599 3108 679 3178 plane
703 3122 757 3160 non
782 3107 898 3163 evanuit.
933 3103 1006 3158 lnter
1031 3107 1106 3174 ipsos
1132 3103 1227 3188 Spriae
1252 3113 1280 3160 et

102 3193 318 3263 Mesopotamiae
342 3193 444 3246 incolas
471 3195 538 3244 satis
561 3192 675 3262 vulgare
701 3191 759 3248 luit.
800 3191 892 3246 ludaei
917 3189 951 3244 eoi
976 3185 1062 3259 idom,⁴
1093 3185 1167 3245 utin
1192 3191 1223 3246 N.
1244 3191 1278 3248 Τ.
1391 3233 1398 3247 ,

101 3295 153 3334 nno
178 3277 263 3333 rocho
282 3271 412 3344 Ἕλληνες
436 3275 574 3342 dicuntur,
616 3279 655 3330 ita
680 3275 824 3332 chaldaice
849 3276 996 3332 Aramacos
1021 3291 1121 3330 vocare
1146 3278 1280 3334 solebant.

103 3363 241 3419 0nheloso
266 3361 354 3416 Lerit.
380 3363 430 3426 25,
455 3366 490 3419 47
513 3360 661 3416 Aramaeua
686 3367 727 3415 est
756 3362 912 3416 idololatra.
955 3361 1055 3416 Eodem
1080 3363 1159 3416 modo
1186 3361 1279 3428 „Ara-

102 3451 220 3504 macns“
245 3449 346 3516 passim
369 3449 487 3500 occurrit
509 3450 537 3500 in
562 3447 691 3502 Talmude
711 3454 804 3516 estque
826 3449 927 3502 modius
946 3451 1016 3501 inter
1039 3447 1164 3502 Iudaeum
1183 3453 1210 3500 et
1229 3447 1281 3501 Cu-

102 3535 209 3590 thaeum
227 3535 244 3586 i.
264 3523 288 3587 e'.
307 3531 512 3592 Samaritanunr.
546 3531 576 3586 ln
594 3531 627 3588 N.
643 3532 676 3586 Τ.
696 3531 808 3602 Syriaco
827 3533 862 3584 roi
881 3534 951 3600 ittae
968 3539 995 3585 et
1012 3529 1041 3586 οἱ
1052 3529 1181 3602 Ἕλληνες
1199 3534 1281 3604 vulgo

104 3619 251 3674 redduntur
267 3631 334 3670 roco
360 3615 612 3682 ,‚Aramaeorurn.‘·
648 3615 874 3670 Bartholomaeus
890 3631 906 3668 a
924 3619 1102 3685 scriptoribus
1120 3619 1196 3688 Syris
1215 3619 1281 3672 dici-

105 3713 148 3759 tur
166 3701 321 3774 Apostolus
330 3697 530 3756 Aramacornrn.
566 3701 596 3755 ln
615 3699 762 3770 epigraphe
780 3699 838 3754 cod.
854 3697 923 3752 Nitr.
937 3697 957 3752 i.
977 3701 1015 3764 is,
1035 3705 1081 3771 qni
1099 3703 1196 3754 llhrum
1214 3706 1282 3756 sori-

105 3793 211 3860 pserat‚
231 3785 390 3839 Aramaeum
410 3793 547 3840 sevocat.
582 3786 758 3854 (Assemanns
776 3782 937 3836 Adamaeurn
952 3789 1093 3855 verterat).
1128 3785 1160 3842 ln
1173 3789 1282 3858 epigra-

107 3873 157 3945 phc
176 3871 235 3925 cod.
255 3869 441 3924 Heracleensis
461 3871 577 3944 legitur:
603 3871 673 3926 liher
690 3867 940 3940 Evangelistarum,
969 3873 1014 3940 qui
1031 3887 1125 3928 versus
1145 3879 1186 3930 est
1201 3889 1215 3928 e
1229 3875 1282 3929 lin-

108 3987 162 4044 gna
180 3969 284 4026 Graeca
310 3947 462 4048 1*anss
489 3975 535 4028 nbi
556 3974 719 4044 adscriptum
743 3977 798 4027 cst:
819 3971 939 4055 tinniit·
976 3970 1097 4028 Naaman
1116 3976 1199 4048 Syrus
1217 3977 1282 4033 Luc.
1377 3962 1382 3970 “

109 4073 159 4138 iv,
177 4079 210 4131 27
228 4075 255 4126 in
274 4071 394 4143 Simplici
412 4075 559 4129 Aramacns
574 4074 679 4128 dicitnr.
721 4060 795 4128 Aevo
814 4072 900 4128 medio
919 4075 1026 4145 singula
1046 4080 1186 4144 provincia
1202 4095 1283 4134 voea-

109 4178 190 4232 hatnr
205 4161 314 4252 1203]
332 4171 432 4248 Lm,
455 4181 524 4231 inter
542 4175 677 4232 Mosnlam
696 4183 722 4230 ct
740 4175 897 4246 Bagdadnrn
920 4177 1007 4232 inedia
1026 4193 1104 4249 quam
1122 4177 1284 4240 Assemanus
1325 4150 1331 4162 ι

105 4277 243 4414 Assyriam
262 4279 414 4336 transferre
432 4279 513 4362 solet.
550 4277 589 4332 ct.
604 4277 749 4335 Michaelis
768 4276 859 4348 Spicil.
884 4293 980 4356 geogr.
999 4279 1031 4333 Τ.
1051 4277 1074 4333 ΙΙ
1101 4296 1126 4350 p.
1147 4287 1197 4338 117
1214 4288 1242 4336 et
1258 4284 1285 4334 in

128 4378 169 4416 ex.
188 4363 248 4433 Syr.
269 4380 290 4416 s.
311 4380 334 4416 v.
725 4379 728 4383 ’
