2998 5002
68 4306 71 4314 ,
168 4266 354 4332 pervenisse,
385 4274 559 4331 notissimum.
594 4286 712 4338 Armenii

207 281 268 350 152

209 455 327 520 Gracco
343 458 440 523 Blblla
461 461 611 544 traduxit,
632 465 754 530 luerunt
774 471 887 552 umen,
912 475 962 555 qui
977 473 1186 542 Armeniorum
1203 481 1392 568 Scripturaar

206 560 246 622 ad
261 559 420 640 Syriacam
442 565 658 660 conformatam
680 587 750 636 esse
770 575 912 652 putarent
927 569 969 658 ⁴).
1011 577 1104 660 Apud
1121 583 1234 648 Persas
1256 587 1392 668 linguam

207 649 365 741 Syriacam
388 673 501 730 summo
522 666 683 732 inhonore
704 672 818 755 luisse,
841 676 1008 778 Persarum
1022 682 1150 748 iuvenes
1170 687 1303 752 scholam
1321 695 1391 774 Sy-

206 781 306 826 rorum
347 757 531 832 l'ldessenarh
569 773 800 857 frequentasse,
836 777 958 859 Syros'
978 802 1097 867 quoque
1133 790 1298 872 plurimos,
1339 801 1390 878 qui

205 864 380 930 Nestorlanl
401 874 540 951 partibus
559 875 729 956 iacebant,
758 879 788 938 iu
808 878 961 942 Persidem
981 875 1141 966 relegatos
1161 893 1309 972 Syrorum
1332 900 1388 962 lit-

205 970 289 1032 teras
321 970 351 1030 iu
371 976 589 1038 remotissimas
613 975 710 1040 Asiae
732 983 832 1042 terras
855 999 1068 1068 propagasse,
1099 1012 1192 1074 supra
1215 1001 1388 1066 monuimus.

204 1068 442 1148 livangeliorum
475 1077 579 1140 versio
605 1079 903 1162 PersicaSimplici·
934 1087 1080 1172 aliaest,
1109 1098 1232 1178 etipsa
1256 1101 1389 1181 Syriaco

204 1173 309 1235 versio
336 1173 366 1236 lu
395 1171 531 1258 Arabia,
568 1180 598 1240 in
627 1180 750 1264 insulis,
790 1183 820 1247 in
847 1185 931 1250 ludia
961 1191 1305 1272 publico.eeclesiaram
1330 1226 1387 1268 usu

203 1271 339 1339 adhibita
359 1279 420 1340 est·
463 1279 579 1346 Postea
601 1283 633 1354 et
654 1283 788 1350 Arabica
817 1291 920 1352 versio
937 1285 968 1374 ²)
996 1295 1079 1358 iacta
1101 1303 1150 1362 est
1172 1320 1215 1364 ex
1236 1305 1386 1385 Syriaca3

202 1367 451 1442 Nestor'lanorum
471 1383 634 1464 episcopus
653 1386 769 1468 quidam
789 1389 908 1472 abipso
923 1391 1181 1477 Chaliphaiussns
1201 1409 1249 1469 est
1262 1413 1385 1474 vertere

205 1474 393 1558 Scripturam
424 1483 454 1544 iu
476 1481 611 1562 linguam
634 1487 865 1559 Saracenorum.
909 1493 942 1556 la
964 1497 1057 1578 Syria
1080 1505 1259 1572 occidentali
1279 1512 1385 1592 lingua

201 1575 322 1642 Graeca
351 1583 492 1661 vulgaris
521 1591 607 1662 erat;
632 1589 843 1655 scd'monaebi
866 1601 1024 1680 postquam
1048 1605 1085 1665 ad
1107 1605 1193 1670 iidem
1216 1613 1305 1675 etiam
1327 1616 1387 1680 ho-

202 1681 297 1742 mines
322 1688 486 1765 agrestes,
510 1706 613 1768 page·
636 1693 669 1754 et
692 1693 778 1756 vicos
800 1703 1017 1768 converterunt
1037 1709 1069 1768 et
1091 1709 1120 1770 iu
1143 1711 1272 1776 desertis
1294 1709 1385 1781 mon·
1489 1721 1490 1754 ¹

202 1782 341 1865 lanisque
367 1787 546 1864 regionibus
577 1795 759 1870 monasteria
778 1800 1001 1886 condiderunt,
1030 1809 1188 1892 Syriacam
1210 1817 1384 1880 versionem

201 1883 369 1950 attulerunt
395 1889 425 1950 la
447 1885 683 1972 coelesyriam,
717 1897 747 1956 lh
777 1898 883 1964 Libani
906 1911 1038 1986 montes,
1069 1913 1098 1972 in
1120 1915 1244 1980 deserta
1265 1919 1384 1983 Palae-

201 1984 300 2048 stinae
329 1991 361 2052 et
387 1989 541 2074 Arabiae,
574 1995 704 2078 denique
735 1999 765 2058 ln
787 1999 969 2088 Aegyptum
999 2014 1030 2073 et
1051 2014 1190 2095 Libyam.
1218 2019 1383 2104 'Exemplo

197 2085 241 2149 stt
269 2086 449 2158 Alexander
480 2095 640 2160 monachus
670 2093 713 2183 Η·
744 2097 826 2186 428)
842 2101 906 2187 ³J,·
920 2113 970 2192 qui
995 2119 1154 2210 spritu-cto
1182 2121 1221 2184 ad
1240 2123 1383 2206 lluphra-

199 2189 260 2250 tem
290 2194 436 2256 coenubio
463 2213 520 2276 per
546 2199 661 2276 viginti
688 2219 783 2262 annos
813 2199 1042 2290 quadringentis
1065 2201 1216 2286 monacbis
1239 2229 1380 2311 praesuli,

199 2289 251 2422 quoi
274 2295 416 2372 quattuor
435 2296 549 2376 linguis
571 2299 704 2362 distincti
729 2310 834 2390 erant,
856 2309 1122 2404 batin17Graecl3
1145 2325 1237 2407 Syri,
1262 2327 1380 2410 Aegy*

202 2459 408 2470 ...——.-.-.

306 2557 392 2626 olla
415 2577 486 2620 vers.
513 2563 572 2637 Syr.
599 2574 675 2624 ortae
692 2570 826 2630 Arabicae
851 2569 1012 2652 complures
1042 2586 1225 2648 Armeniaeam
1244 2595 1275 2648 N.
1296 2597 1327 2652 T.
1347 2616 1381 2655 ex

200 2637 294 2693 eodem
318 2643 392 2700 fonte
412 2647 572 2714 profluxisse
590 2661 652 2722 post
672 2655 816 2712 Simonium
834 2669 937 2731 putavit
954 2667 1104 2740 Michaelis.
1139 2676 1171 2732 V.
1191 2677 1228 2744 7.,
1240 2679 1381 2737 Armenia-

198 2735 256 2776 cnm
280 2725 315 2780 ad
336 2727 473 2798 Syriacum
491 2735 684 2791 conformatum
703 2755 778 2808 esse,
803 2739 1035 2808 bar-Hebraeum
1053 2759 1145 2812 testem
1169 2763 1288 2820 laudavit
1305 2767 1379 2824 llal-

194 2809 290 2874 tonus‚
318 2813 365 2866 sed
391 2831 443 2886 qao
468 2819 527 2873 iure
549 2820 643 2876 videas
661 2827 730 2894 apud
748 2829 924 2889 llisemanum
943 2853 1006 2909 pag.
1026 2843 1084 2898 142,
1120 2844 1150 2900 V.
1170 2847 1203 2904 Τ.
1220 2849 1379 2905 translatum
1489 2849 1490 2864 ¹

195 2902 256 2944 asse
272 2891 438 2952 Armeniace‘
447 2904 552 2958 ratione
564 2903 658 2962 habitu
675 2927 745 2966 vers.
757 2913 792 2986 Sy

192 2973 309 3032 tradunt.
340 2979 381 3040 Gi.
401 2981 538 3040 Naumann
556 2989 574 3045 Ι.
594 3006 616 3045 c.
634 3009 661 3062 p.
679 3001 723 3052 37.

296 3075 330 3144 2)
353 3077 448 3148 Syrum
473 3090 595 3156 seqnitur
611 3091 698 3146 Arabs
716 3093 826 3166 Erpenii
849 3103 876 3154 iu
894 3073 1023 3173 Epistolis
1047 3115 1073 3162 et
1090 3083 1180 3180 Actis,
1205 3118 1232 3170 in
1250 3115 1376 3192 Eiange-

120 3200 122 3210 ,
193 3152 238 3208 liis
255 3153 346 3214 Persa.
383 3163 422 3218 Gi.
440 3165 597 3237 Michaelis,
626 3190 706 3245 curae
722 3182 750 3233 in
768 3175 823 3236 Ac't.
842 3183 909 3257 App.
929 3194 954 3262 §.
973 3189 1006 3244 ΙΙ.

297 3256 330 3321 3)
347 3258 415 3314 Acta
440 3262 530 3322 Samot.
551 3267 690 3339 Bollandi‚
715 3275 820 3335 lanuar.
836 3257 906 3354 pag.
931 3291 1006 3346 1024.
1043 3289 1126 3354 Quam
1144 3295 1264 3366 vulgaris
1283 3305 1309 3353 et
1328 3315 1374 3355 re-

794 2919 900 2986 riacae,
919 2924 1037 2992 ipsorum
1055 2926 1241 2988 Armeniorum
1258 2931 1379 3004 nonnulli

194 3341 272 3405 cepta
296 3339 378 3396 luerit
395 3349 531 3404 monacbis
550 3351 715 3412 Psalmorum
733 3367 872 3434 recitatio,
898 3375 965 3436 satis
984 3384 1097 3432 constat.
1132 3381 1262 3450 Antonius
1280 3399 1375 3440 mena
1489 3417 1490 3420 ¹

192 3416 259 3474 chus
281 3422 373 3494 legere
398 3431 477 3485 iussit
491 3432 524 3490 N.
543 3435 575 3490 Τ.
594 3445 621 3492 ot
638 3439 766 3499 Psalmos.
802 3449 1011 3514 lulianussaaba
1028 3461 1181 3529 (Theodor.
1199 3467 1261 3522 hist.
1280 3471 1374 3540 relig.)

191 3505 222 3558 in
246 3510 359 3577 regione
379 3510 579 3574 Osrhoenorum
598 3525 786 3586 celeberrimus
807 3536 872 3604 luit,
896 3543 1025 3616 adquam
1044 3549 1296 3626 multilcongregati
1312 3563 1375 3612 sunt

192 3590 337 3648 monachi..
358 3593 398 3664 Ea
416 3601 444 3652 in
462 3606 575 3672 regione
593 3617 682 3664 monet
701 3613 887 3678 Theodorctus
905 3627 986 3682 urbes
1005 3645 1115 3701 magnas
1135 3650 1193 3690 esse
1213 3643 1239 3691 et
1257 3641 1373 3709 populo-

191 3678 253 3740 sas,
273 3677 320 3730 sed
339 3681 574 3748 partem'alteram
593 3708 653 3748 esse
670 3697 879 3764 inhabitabilem.
914 3710 962 3766 lllc
985 3717 1069 3784 igitur
1083 3723 1262 3792 praescripsit
1279 3740 1373 3778 mona-

192 3753 248 3810 cbis
273 3763 381 3818 multam
408 3772 434 3820 et
458 3773 592 3829 assiduam
617 3775 797 3848 precationem
823 3797 849 3844 et
867 3792 976 3851 havidis
997 3797 1161 3858 Psalmorum
1182 3810 1372 3862 cantationem.

187 3838 313 3898 canones
327 3845 447 3904 llabulac
465 3841 665 3922 praescribente
684 3868 837 3934 „Monachi
851 3874 976 3940 Psalmos
986 3883 1089 3939 discant
1104 3895 1130 3942 et
1147 3891 1277 3946 moniales
1292 3895 1372 3948 etiam

190 3927 302 3994 cantica.
336 3927 458 3988 llecitem
476 3936 596 3998 Psalmos
622 3947 665 4002 die
688 3959 826 4024 nocteque.
862 3959 1026 4034 Monachus,
1059 3973 1104 4040 qni
1130 3989 1209 4026 unum
1234 3976 1371 4036 dumtaxat

188 4003 322 4066 Psalmuni
350 4019 440 4082 novit,
465 4023 576 4080 eundem
600 4032 628 4084 in
647 4036 768 4089 omnibus
785 4046 954 4102 orationibus
975 4055 1107 4122 repetat.“
1149 4056 1268 4116 Edessae
1293 4059 1371 4116 chori

186 4091 307 4149 virorum
332 4103 359 4152 el
381 4103 514 4172 virgiuum
541 4101 661 4170 Psalmos
680 4121 708 4172 in
728 4121 842 4177 ecclesia
860 4132 998 4189 canebam.
1036 4137 1076 4192 (ll.
1098 4144 1177 4196 etiam
1193 4141 1371 4214 Ephraemum

188 4173 221 4228 de
242 4175 358 4236 Psalmo.
396 4183 463 4256 Oppi
483 4189 528 4245 Gr.
546 4200 609 4252 tom.
627 4197 648 4252 1.
683 4199 723 4256 En
742 4203 851 4264 Oriente
869 4221 972 4271 cantum
991 4223 1199 4282 ecclesiasticum
1218 4233 1246 4283 in
1264 4229 1371 4284 ltaliam

738 4305 843 4362 quoque
866 4309 990 4357 accentus
1017 4311 1133 4366 musicos
1157 4311 1270 4380 habent,
1301 4329 1370 4384 quos

186 4341 278 4397 eodem
296 4352 416 4418 tempore
435 4373 488 4426 quo
508 4362 612 4419 litteras
631 4369 718 4446 (saec.
736 4373 782 4443 V.)
799 4385 935 4451 accepisse
957 4389 1089 4446 videnlur.
