3014 5008
240 329 303 397 lot

228 503 428 584 gentesimum
464 501 601 562 exaratis
637 499 790 582 scriptura
819 499 1006 579 listrangclo
1034 498 1116 562 dicta
1146 500 1316 602 reperitur,
1354 503 1416 565 tum

229 623 303 668 vero
333 603 507 668 minusculis
536 600 763 667 characteribus
789 603 911 668 codices
940 600 1071 665 describi
1095 601 1197 682 coepti
1217 604 1305 682 aunt,
1336 619 1416 684 quos

227 707 401 769 Nestoriani
432 705 471 767 ad
500 703 578 768 bunc
609 723 708 788 usque
739 707 816 768 diem
838 705 990 774 adhihent,
1002 704 1114 792 quique
1135 722 1153 764 a
1173 703 1298 786 reliquls
1320 704 1416 784 Syris

227 793 401 873 Nestoriani
435 826 462 868 s.
494 804 640 871 Chaldaei
669 809 818 872 dicuntur.
867 806 1046 888 Scripturae
1076 806 1249 886 exemplum
1279 805 1421 883 Adlerus,

227 913 356 995 praebet
378 910 482 974 tabula
504 907 558 972 lll.
601 910 849 974 Nestorlanornm
865 907 1011 972 codices
1020 909 1098 970 satis
1121 908 1204 969 multi
1234 909 1415 970 recentioris

228 1015 341 1078 aetatis
370 1013 399 1073 in
429 1009 620 1073 bibliothecis
650 1015 849 1074 asservantur
865 1007 911 1092 “.)
952 1007 1003 1072 (li.
1035 1007 1133 1071 Adlcr
1161 1009 1181 1070 l.
1212 1027 1238 1073 c.
1233 1030 1336 1101 pag.
1360 1007 1415 1074 20.

225 1135 276 1199 sq.
320 1113 408 1175 lland
431 1114 520 1194 pauci
540 1111 625 1175 Novi
646 1111 837 1178 Testamenti
860 1112 981 1192 Syriaci
1000 1111 1096 1173 libros
1121 1131 1225 1174 omnes
1238 1114 1414 1176 cc.ntinent

226 1216 381 1280 Dividitur
411 1219 510 1277 autem
540 1216 635 1277 totum
663 1215 701 1278 Ν.
731 1215 772 1276 Τ.
799 1233 910 1294 corpus
932 1214 962 1274 in
985 1216 1093 1294 partes
1114 1216 1197 1276 tres:
1227 1197 1413 1293 livangelia,

226 1320 309 1384 Acta
339 1316 577 1398 Apostolorum,
615 1317 724 1398 qulbus
767 1317 889 1380 additae
928 1319 999 1378 sunt
1036 1315 1196 1396 Mpistclae
1232 1314 1414 1396 catholicae,

226 1420 383 1503 Epistulas
412 1418 568 1479 Paulinae.
610 1419 869 1497 Singuli.libri
860 1439 889 1480 ιιι
918 1418 1019 1498 eapite
1042 1417 1193 1479 distributi
1215 1419 1302 1498 sunt,
1331 1436 1413 1497 quo-

225 1543 292 1604 rnm
319 1515 459 1582 nume'rns
489 1538 594 1602 nsque,
608 1521 645 1582 ad
667 1520 751 1581 linem
772 1521 867 1582 totius
889 1519 931 1580 N.
953 1517 993 1580 T.
1018 1521 1204 1602 producitur.
1246 1517 1280 1580 ln
1302 1520 1412 1581 livan-

226 1624 319 1702 geliia
357 1639 497 1682 numerus
536 1621 665 1701 capitum
702 1625 850 1704 repetitur
881 1615 941 1684 tum
973 1641 991 1682 a
1025 1623 1120 1702 primo
1150 1619 1314 1700 Matthaei,
1351 1625 1413 1683 tum

228 1742 305 1787 vero
334 1722 372 1783 ab
397 1723 482 1784 initio
507 1723 664 1803 sequentis
689 1724 803 1802 singuli
827 1721 1012 1804 Evangelii,
1041 1724 1083 1786 ita
1103 1727 1136 1788 ut
1157 1721 1330 1786 Matthaeus
1353 1742 1414 1785 ca-

225 1827 301 1908 pita·
316 1825 470 1888 contineat
499 1822 606 1903 xxti,
637 1823 762 1898 Marcus
787 1825 878 1905 Xlll,
908 1824 1009 1888 Lucas
1032 1823 1153 1907 XXlll,
1184 1824 1311 1888 loannes
1335 1824 1412 1905 XX,

226 1930 368 2008 totusque
399 1927 441 1989 sit
468 1943 609 1988 numerus
639 1929 770 2009 capitum
797 1926 971 1991 LXXVlll.
1021 1925 1104 2012 Acta
1130 1927 1350 2008 Apostolorum
1380 1931 1413 1991 ct

226 2023 385 2114 lipistola'e
415 2027 582 2092 catholicae
611 2027 734 2092 xxxii
765 2031 866 2112 capita
892 2029 1092 2108 constituunt,
1107 2089 1113 2100 ,
1126 2029 1284 2110 lipistolae
1313 2032 1413 2095 antem

226 2131 372 2196 Paulinae
392 2129 542 2211 Xthll,
566 2149 617 2212 ep.
639 2115 859 2194 ad'llchraeo's
880 2128 958 2210 vlt,
986 2130 1064 2192 unde
1084 2133 1177 2194 totius
1196 2131 1237 2194 Ν.
1259 2131 1300 2194 Τ.
1323 2132 1412 2212 capi-

94 2227 98 2234 ’
228 2238 289 2296 tum
317 2251 458 2294 numerus
488 2232 592 2313 prodit
614 2229 739 2294 CLXV.
783 2232 933 2293 Nnmerns
953 2233 984 2293 in
1007 2232 1144 2308 margine
1165 2235 1299 2296 notatus.
1342 2233 1412 2295 lla-

225 2337 300 2398 bcnt
325 2352 401 2396 vero
428 2333 602 2396 Nertorlani
628 2351 687 2394 non
716 2333 811 2394 solum
839 2335 992 2415 propriam
1015 2327 1259 2412 ct'singularom
1283 2337 1412 2418 capitum

227 2437 466 2516 distinctionem,
496 2435 559 2496 scd
584 2436 672 2498 etlam
695 2435 725 2495 in
748 2435 929 2500 lectionibus
952 2436 1074 2518 puhlice
1097 2455 1154 2518 per
1177 2439 1245 2500 anni
1269 2438 1413 2501 circulum

229 2538 394 2604 recitandis
416 2558 434 2602 a
457 2538 569 2600 ceteris
594 2537 734 2627 ecclesiis
754 2540 910 2604 recedunt.
953 2538 1161 2620 Anapicantnr
1181 2559 1283 2602 annum
1306 2539 1414 2612 cccle-

226 2643 381 2704 aiasticnm
410 2641 615 2712 indominica
643 2641 751 2722 quarta
777 2643 848 2702 ante
878 2643 1069 2705 nativitatem
1100 2640 1214 2705 Christi
1243 2643 1275 2704 et
1304 2641 1413 2722 cuique

226 2744 393 2820 dominicae
416 2743 578 2822 assignata
598 2744 648 2812 est
668 2740 761 2802 lectio
781 2743 926 2824 quaedam
942 2743 1193 2822 Evangeliorum.
1236 2742 1321 2828 Quae
1340 2743 1412 2825 qui-

225 2847 293 2910 dem
315 2845 464 2909 lectiones
487 2846 662 2928 plerumque
683 2843 713 2905 in
734 2831 871 2922 margine
889 2845 1014 2910 notatae
1034 2847 1121 2924 sunt,
1143 2863 1195 2906 ex.
1218 2864 1267 2924 gr.
1286 2845 1315 2906 in
1327 2845 1411 2905 initio

226 2949 392 3028 Evangelii
406 2947 554 3032 Matthaei
577 2950 606 3010 in
629 2943 765 3024 margine
786 2946 920 3026 legiturr
944 2949 1116 3029 Pericopa
1106 2966 1136 3008 m
1151 2947 1326 3010 dominicam
1340 2948 1411 3008 ante

226 3053 446 3146 Nativitatem.
473 3050 607 3114 lixstant
621 3051 709 3116 ctiam
722 3049 862 3131 codices,
884 3053 934 3132 qui
942 3052 1056 3114 seriem
1066 3050 1227 3112 lectionum
1243 3049 1411 3110 continuam

227 3152 391 3231 exhibent,
426 3163 479 3212 ex.
515 3171 543 3214 c.
581 3152 708 3215 codex¹
721 3151 801 3232 apud
829 3151 975 3214 Adlernm
1003 3152 1250 3214 Nestorianorum
1279 3152 1410 3233 quintus,

229 3243 313 3317 c'ulus
344 3253 449 3316 titulus
476 3255 546 3314 est.
576 3251 726 3316 btbcrs.
747 3253 913 3331 livangelii
937 3254 1099 3318 adorabilis
1121 3253 1278 3316 distinctus
1298 3253 1327 3312 ln
1349 3270 1411 3331 pe-

227 3356 351 3436 ricopas
381 3349 486 3414 diebu'a
506 3353 671 3416 Dominicis
703 3356 736 3416 et
763 3354 870 3416 diebus
898 3355 987 3416 lestis
1017 3360 1049 3419 et
1078 3357 1108 3417 iu
1130 3354 1412 3418 commemoratione

227 3461 399 3544 sanctorum
421 3452 593 3516 retitandas
611 3454 773 3517 secundum
796 3455 882 3518 ritum
906 3455 1111 3519 Musulensem
1128 3451 1172 3538 ²).

329 3558 416 3622 llaec
449 3558 549 3620 tamen
575 3557 730 3620 externam
759 3557 944 3620 solummodo
965 3559 1089 3620 termam
1111 3558 1269 3640 spectant,
1299 3555 1411 3618 nullam

233 3713 436 3726 ...u-

332 3789 363 3859 1)
385 3789 495 3854 Romam
520 3789 742 3846 borborianorum
768 3791 873 3846 abdices
898 3793 1004 3862 plurimi
1021 3794 1097 3848 allati
1113 3798 1223 3847 suntor
1240 3790 1333 3857 ludia,
1359 3805 1412 3860 quo

228 3876 349 3941 tempore
377 3873 555 3930 Romanorum
582 3877 783 3945 praedicatores
808 3877 857 3930 illa
873 3879 908 3932 .in
932 3881 1007 3932 terra
1030 3880 1141 3932 maxime
1159 3875 1315 3932 Malaheria
1333 3873 1412 3932 seties

227 3949 348 4009 buerant.
366 3984 402 3998 -·
436 3957 522 4012 Etiam
541 3958 664 4014 Schaalio
690 3976 722 4014 ex
740 3958 895 4014 Malabaria
919 3961 1003 4016 codex
1026 3961 1064 4017 Μ.
1088 3961 1115 4016 S.
1141 3961 1212 4014 dono
1240 3961 1336 4014 missus
1361 3962 1411 4020 est,

227 4057 305 4112 quum
323 4043 382 4110 ipse
400 4042 526 4096 editionis
543 4057 609 4097 suae
628 4043 762 4111 exemplar
780 4059 813 4097 co
830 4044 994 4116 ablegasset.

331 4142 358 4206 2)
384 4137 424 4193 Ex
448 4155 520 4195 saec.
542 4139 590 4198 lX.
614 4146 736 4209 coeptum
754 4147 810 4206 est,
837 4145 949 4196 maxime
969 4141 1143 4197 Lectionaria
1160 4147 1187 4194 et
1204 4139 1344 4210 Liturgiaa
1364 4137 1412 4191 de-

227 4222 354 4276 scribere.
389 4223 479 4278 Biblia
503 4227 557 4278 iam
580 4225 633 4278 soli
656 4227 808 4278 recitationi
833 4231 860 4279 ot
879 4227 1062 4281 eeclesiastico
1081 4212 1145 4280 ritui
1159 4228 1264 4280 servire
1281 4222 1411 4278 videban-

226 4309 279 4360 tur.
315 4304 404 4365 Quare
429 4325 462 4364 cx
479 4311 533 4363 illia
560 4323 645 4364 aaooc
667 4311 837 4378 reperiuntur
854 4308 1028 4367 Lectionaria
1044 4311 1160 4381 plurima
1178 4308 1411 4391 Nestorianorum,

227 4386 431 4457 Molchitarunr,
458 4391 652 4459 incubituram,
677 4392 882 4448 Maronitarum.
