3014 5008
1243 284 1308 358 95⁴

100 473 191 554 grani
217 463 396 560 serviebant
418 481 514 550 reges
536 465 676 546 lilcdlae,
703 461 906 543 uoruyaerae
926 464 959 524 et
973 461 1163 527 Adiabenae.
1204 464 1285 529 ldem

102 595 180 658 quas
203 591 253 635 res
275 570 415 648 gesserit
438 565 811 648 cum'lndaelslosephus
834 568 938 627 namt
954 561 1030 627 Ant.
1053 566 1146 649 Xlll,
1168 588 1196 632 c.
1218 565 1287 644 ab}

103 679 233 740 ludaeos
256 673 399 753 captivos
420 689 465 733 ex
485 671 624 734 Samaria
646 673 675 733 iu
699 667 904 732 Semiramidis
925 668 1044 728 urbem
1053 671 1199 734 traduxit.
1243 675 1288 736 At

103 797 179 843 vere
203 765 354 868 prospero‘
380 791 480 836 rerum
503 765 650 858 successu
673 775 772 845 elatus
788 775 820 834 et
837 765 1063 850 potentissimus
1079 775 1196 856 iactus,
1222 794 1286 838 curn

104 880 279 946 Mithridate
308 879 466 941 adversus
477 877 631 939 Romanos
661 877 787 938 loedere
816 876 897 952 inito
907 872 953 957 ',]
978 861 1095 938 brucnlli
1118 877 1232 952 demum
1255 882 1288 940 et

101 984 240 1065 Pompeii
273 981 402 1060 glorium
426 979 648 1060 multiplicavit.
691 979 808 1040 llteuim
836 976 1057 1058 Mithridatem,
1085 979 1135 1061 qul
1162 982 1190 1041 iu
1213 981 1286 1042 lbe-
1350 961 1354 970 λ

103 1089 177 1148 riam
194 1087 361 1164 ¹cesserat,
396 1086 578 1166 persecutus
610 1081 754 1144 Lucullus
777 1081 948 1144 Armeniam
978 1085 1113 1145 vastavit
1135 1087 1167 1144 et
1189 1085 1287 1163 cepit3

104 1186 355 1267 Mesopotamiam
392 1177 499 1272 deinde
537 1185 699 1262 ingressus
730 1184 848 1245 Nisibin
878 1183 1014 1266 obsedit,
1051 1165 1137 1268 quam
1169 1185 1288 1246 Parthis

103 1289 260 1350 adenrerat
287 1287 443 1367 Tigranes
475 1285 563 1370 (Dio.
590 1286 613 1348 l.
641 1284 704 1366 >353
743 1285 774 1348 7.
805 1287 885 1348 Plut.
915 1288 1120 1366 lubucullo.)
1138 1280 1180 1369 2].
1222 1285 1287 1348 Lu-

106 1389 186 1468 cullo
216 1409 290 1451 mox
322 1391 467 1452 sulie'ctus
498 1390 662 1470 Pompeius
685 1399 747 1450 rem
778 1407 891 1450 onrnum
923 1391 952 1450 in
975 1390 1118 1451 Armenia
1147 1390 1288 1468 coniecit,

77 1507 91 1520 ·
108 1490 317 1553 Mithridatem
346 1493 438 1572 vicit,
472 1491 636 1570 Tigranem
662 1483 800 1582 'patruum
828 1495 1045 1574 contraquam
1062 1491 1115 1553 lilii
1132 1491 1288 1570 'l'lgrancs

109 1597 142 1656 et
165 1592 320 1656 Sariaster
341 1595 585 1675 coniuraverunt,
612 1597 641 1656 in
666 1593 828 1656 Armeniae
848 1611 947 1674 regno
970 1593 1288 1674 confirmavimueni-

107 1781 320 1862 et'uieuoru'n
349 1815 448 1876 reges
478 1817 515 1862 eo
538 1803 675 1881 tempere
696 1799 865 1862 libertatem
890 1801 986 1863 adhuc
1007 1800 1185 1881 tuebantur,
1208 1819 1287 1882 quo-

105 1919 168 1963 rum
196 1901 316 1986 legati
326 1900 467 1978 benigne
502 1921 520 1964 a
547 1887 693 1983 Polnpeiu
731 1905 855 1983 excepti
879 1891 958 1967 sunt.
1000 1891 1162 1984 A'iranius,
1194 1904 1286 1966 Ponu-

104 2005 166 2083 peii
186 2003 332 2082 legatus,
360 1989 485 2066 Arabes
505 2003 542 2086 (i.
566 2023 593 2066 e.
612 2001 744 2087 Syros]
740 2007 908 2082 regionem
931 2007 1012 2067 circa
1032 2005 1178 2067 Amanum
1200 1992 1289 2068 mon·
1360 2043 1390 2069 x.

106 2109 166 2168 tem
187 2122 288 2186 prope
310 2104 494 2186 Euphratem
515 2105 684 2168 incolentes
700 2108 848 2170 subiecit.
866 2111 880 2149 i
1077 2099 1085 2112 ⁸

209 2208 320 2284 Status
349 2209 415 2270 eius
442 2211 565 2287 terrae,
603 2225 691 2288 quam
722 2209 894 2291 Euphrates
926 2209 959 2270 et
989 2207 1102 2286 Tigris
1125 2173 1289 2289 coltinent,

107 2327 149 2372 ex
178 2309 267 2372 dictis
300 2312 508 2388 cognoscitur.
553 2310 744 2376 Adiacebant
763 2313 911 2393 Romani,
937 2309 1061 2390 Syria
1052 2329 1081 2370 ιιι
1104 2312 1288 2390 piovinciam

107 2410 250 2490 redacta,
282 2410 418 2474 Armenii
449 2417 481 2476 et
504 2413 619 2476 Parthi.
662 2414 795 2499 Quorum
814 2416 920 2490 finibus
946 2415 996 2494 qul
1019 2413 1169 2476 interiecti
1193 2418 1288 2494 crant,

104 2531 164 2576 nec
192 2531 318 2593 prorsus
346 2515 434 2577 liberi
461 2519 549 2578 erant
570 2535 627 2578 neo
651 2517 780 2580 subiecti
788 2535 845 2590 ;.a
866 2509 1006 2578 barbarie
1028 2513 1206 2577 Parthorum
1229 2517 1289 2577 ali-

108 2616 171 2693 eni,
197 2633 255 2676 nee
283 2619 383 2680 tamen
407 2617 808 2682 Graecorum'subtlliiatem
833 2620 1002 2698 sapientes.
1043 2617 1190 2698 Euphrati
1213 2635 1288 2700 pro-

109 2718 183 2789 ximi
210 2716 387 2782 habitabant
416 2721 555 2800 Arabes,
584 2739 605 2781 a
629 2720 767 2799 'Pigrane
793 2723 913 2784 adducti
929 2717 979 2802 ³);
1006 2721 1098 2781 urbes
1122 2720 1200 2781 inter
1222 2722 1289 2782 blu-

107 2818 246 2900 phratem
280 2823 312 2882 et
340 2819 536 2903 Chaboram,
550 2820 699 2885 'Carrhae
734 2824 912 2903 antiquitate
939 2821 1074 2900 nobiles,
1109 2821 1228 2882 Edessa
1259 2826 1291 2884 et

108 2921 242 2983 Resaina
259 2914 310 3004 4);
341 2923 380 2985 de
408 2923 525 3002 Nisibi,
560 2941 646 3006 quarn
669 2923 779 2986 Graeci
798 2923 988 2986 Antiochiam
1008 2921 1208 2999 Mygdoniam
1231 2938 1290 3003 up-

110 3023 284 3103 pellabaut,
323 3027 400 3085 iuter
423 3024 586 3086 Armenios
619 3027 651 3086 et
672 3024 803 3094 Parthos
831 3025 880 3084 diu
909 3023 1076 3084 dimicatum
1097 3009 1163 3096 est3
1190 3023 1290 3086 Allius

109 3126 209 3202 bene,
237 3122 419 3202 Gordyaeos
442 3130 475 3188 et
495 3127 599 3189 Media
622 3126 802 3208 Atropatla,
825 3127 863 3187 ab
887 3125 1039 3206 Atropato
1058 3117 1145 3188 Dalii
1165 3130 1291 3210 satrapa

110 3226 210 3306 dieta,
241 3226 306 3286 suls
335 3228 484 3307 parebant
512 3227 635 3306 legibus
650 3223 699 3312 ⁵),
729 3247 851 3311 quarum
880 3234 980 3293 tanum
1009 3247 1105 3308 reges
1127 3229 1290 3292 Armenio-

118 3380 321 3391 ...μ’-

216 3463 246 3527 1)
268 3461 307 3516 Gi.
326 3462 491 3516 Mithridatis
511 3479 551 3532 ep.
570 3463 604 3518 ud
624 3464 751 3520 Arsacem'
769 3465 939 3532 (Phraatem,
963 3481 1056 3533 regem
1075 3463 1245 3532 Parthorum)
1267 3467 1292 3517 in

111 3544 236 3599 Saliustii
254 3547 421 3618 fragmentis.

214 3645 248 3711 2)
270 3644 398 3700 Lucullus
423 3647 585 3716 expugnavit
610 3642 716 3698 Nisibin
732 3661 789 3712 ‚sex
812 3661 915 3702 menses
935 3646 1087 3709 obsessam,
1111 3650 1174 3696 tunc
1194 3644 1293 3714 Tigna·

111 3731 154 3782 nis
171 3743 260 3792 arcem
277 3733 477 3784 munitissimam
496 3737 523 3784 et
544 3733 687 3784 aerarium.
772 3767 778 3778 .

214 3827 245 3894 3)
263 3826 343 3898 Syria
365 3830 507 3896 provincia
525 3827 645 3882 Romana
669 3825 862 3881 extendebatur
881 3829 916 3883 ad
934 3827 1097 3898 Euphratem
1113 3831 1140 3879 et
1157 3842 1240 3897 usque
1259 3827 1292 3880 ad

112 3907 216 3964 Oruros
236 3912 269 3978 (i.
288 3925 311 3965 e.
329 3909 504 3978 Edesscuos).
540 3909 607 3964 Plin.
627 3909 679 3977 vl,
696 3919 739 3968 30.
836 3937 841 3941 ·

214 4008 247 4075 4)
269 4008 300 4062 ln
323 4008 692 4079 Mesopotamia-superiore
717 4011 840 4065 coloniae
865 4005 986 4066 Graecae
1009 4023 1144 4064 numerum
1168 4009 1295 4079 Syrorum

112 4093 305 4160 aequiparasse
335 4093 460 4148 videntur
483 4092 598 4160 (Strabo
623 4094 698 4161 lilii,
722 4095 814 4164 747.);
845 4093 1019 4168 Mygdoniam
1044 4109 1102 4148 earu
1128 4094 1293 4163 provinciam

111 4177 283 4244 appellarunt
301 4192 318 4232 a
335 4178 618 4250 similitudine‚·quac
645 4193 661 4232 a
679 4177 843 4250 Nicephorio
868 4179 903 4233 ud
921 4179 1028 4236 Nisibin
1044 4193 1129 4250 usque
1147 4177 1293 4246 spectabat.

200 4277 256 4340 'bh-
263 4276 410 4346 Atroputur
435 4277 469 4330 ub
487 4275 632 4332 Alexandri
650 4277 761 4332 ducibus
779 4293 833 4332 non
851 4284 910 4332 crat
926 4285 1082 4349 superatum
1101 4280 1198 4332 mansit
1218 4280 1294 4346 regio

109 4354 177 4410 haec
199 4362 256 4414 suis
280 4361 330 4416 sub
355 4361 467 4431 regibus
489 4361 524 4415 ad
542 4361 693 4418 Vardanem
716 4379 815 4434 usque,
842 4377 933 4433 aquo
954 4365 1074 4418 subiecta
1092 4365 1225 4436 esteiquo
1243 4361 1294 4414 Ar-
