<?xml version="1.0" encoding="UTF-8"?>
<!DOCTYPE html PUBLIC "-//W3C//DTD XHTML 1.0 Transitional//EN"
    "http://www.w3.org/TR/xhtml1/DTD/xhtml1-transitional.dtd">
<html xmlns="http://www.w3.org/1999/xhtml" xml:lang="en" lang="en">
 <head>
  <title>
</title>
<meta http-equiv="Content-Type" content="text/html;charset=utf-8" />
  <meta name='ocr-system' content='tesseract 3.04.00' />
  <meta name='ocr-capabilities' content='ocr_page ocr_carea ocr_par ocr_line ocrx_word'/>
</head>
<body>
  <div class='ocr_page' id='page_1' title='image "./denovitestament00wichgoog_0161.png"; bbox 0 0 3014 5008; ppageno 0'>
   <div class='ocr_carea' id='block_1_1' title="bbox 200 277 264 364">
    <p class='ocr_par' dir='ltr' id='par_1_1' title="bbox 200 277 264 364">
     <span class='ocr_line' id='line_1_1' title="bbox 200 277 264 364; baseline 0 -20"><span class='ocrx_word' id='word_1_1' title='bbox 200 277 264 364; x_wconf 79' lang='lat' dir='ltr'><strong>roc</strong></span> 
     </span>
    </p>
   </div>
   <div class='ocr_carea' id='block_1_2' title="bbox 202 425 1394 1548">
    <p class='ocr_par' dir='ltr' id='par_1_2' title="bbox 202 425 1394 1548">
     <span class='ocr_line' id='line_1_2' title="bbox 203 425 1394 532; baseline -0.009 -18"><span class='ocrx_word' id='word_1_2' title='bbox 203 452 282 514; x_wconf 87' lang='lat' dir='ltr'><strong>mina</strong></span> <span class='ocrx_word' id='word_1_3' title='bbox 310 448 461 532; x_wconf 73' lang='lat' dir='ltr'><strong>praebent</strong></span> <span class='ocrx_word' id='word_1_4' title='bbox 481 431 617 509; x_wconf 67' lang='lat' dir='ltr'><strong>&#39;Adleros</strong></span> <span class='ocrx_word' id='word_1_5' title='bbox 646 446 679 507; x_wconf 93' lang='lat' dir='ltr'><strong>ot</strong></span> <span class='ocrx_word' id='word_1_6' title='bbox 701 438 894 505; x_wconf 87' lang='lat' dir='ltr'><strong>Blanchinns.</strong></span> <span class='ocrx_word' id='word_1_7' title='bbox 939 439 1090 522; x_wconf 77' lang='lat' dir='ltr'><strong>Quattuor</strong></span> <span class='ocrx_word' id='word_1_8' title='bbox 1111 425 1261 503; x_wconf 78' lang='lat' dir='ltr'><strong>duntaxat</strong></span> <span class='ocrx_word' id='word_1_9' title='bbox 1281 439 1394 504; x_wconf 83' lang='lat' dir='ltr'><strong>livan-</strong></span> 
     </span>
     <span class='ocr_line' id='line_1_3' title="bbox 204 542 1393 633; baseline -0.008 -17"><span class='ocrx_word' id='word_1_10' title='bbox 204 553 288 633; x_wconf 82' lang='lat' dir='ltr'><strong>gclia</strong></span> <span class='ocrx_word' id='word_1_11' title='bbox 316 553 345 613; x_wconf 92' lang='lat' dir='ltr'><strong>in</strong></span> <span class='ocrx_word' id='word_1_12' title='bbox 371 550 418 612; x_wconf 85' lang='lat' dir='ltr'><strong>hir</strong></span> <span class='ocrx_word' id='word_1_13' title='bbox 447 548 603 612; x_wconf 78' lang='lat' dir='ltr'><strong>codicibus</strong></span> <span class='ocrx_word' id='word_1_14' title='bbox 631 546 796 626; x_wconf 77' lang='lat' dir='ltr'><strong>leguntur,</strong></span> <span class='ocrx_word' id='word_1_15' title='bbox 824 545 905 608; x_wconf 90' lang='lat' dir='ltr'><strong>iollls</strong></span> <span class='ocrx_word' id='word_1_16' title='bbox 930 543 1001 626; x_wconf 88' lang='lat' dir='ltr'><strong>plns</strong></span> <span class='ocrx_word' id='word_1_17' title='bbox 1023 543 1119 604; x_wconf 88' lang='lat' dir='ltr'><strong>minos</strong></span> <span class='ocrx_word' id='word_1_18' title='bbox 1141 542 1279 604; x_wconf 87' lang='lat' dir='ltr'><strong>ducentis</strong></span> <span class='ocrx_word' id='word_1_19' title='bbox 1304 563 1393 606; x_wconf 89' lang='lat' dir='ltr'><strong>com-</strong></span> 
     </span>
     <span class='ocr_line' id='line_1_4' title="bbox 203 645 1393 742; baseline -0.008 -25"><span class='ocrx_word' id='word_1_20' title='bbox 203 654 365 737; x_wconf 85' lang='lat' dir='ltr'><strong>pre&#39;hensa.</strong></span> <span class='ocrx_word' id='word_1_21' title='bbox 410 651 506 715; x_wconf 80' lang='lat' dir='ltr'><strong>Tituli</strong></span> <span class='ocrx_word' id='word_1_22' title='bbox 528 649 769 726; x_wconf 78' lang='lat' dir='ltr'><strong>llvaogellornm</strong></span> <span class='ocrx_word' id='word_1_23' title='bbox 789 646 906 709; x_wconf 84' lang='lat' dir='ltr'><strong>dnobus</strong></span> <span class='ocrx_word' id='word_1_24' title='bbox 928 645 1033 742; x_wconf 83' lang='lat' dir='ltr'><strong>verhis</strong></span> <span class='ocrx_word' id='word_1_25' title='bbox 1050 645 1258 726; x_wconf 85' lang='lat' dir='ltr'><strong>continentur,</strong></span> <span class='ocrx_word' id='word_1_26' title='bbox 1281 646 1393 709; x_wconf 84' lang='lat' dir='ltr'><strong>livan-</strong></span> 
     </span>
     <span class='ocr_line' id='line_1_5' title="bbox 205 747 1392 836; baseline -0.008 -18"><span class='ocrx_word' id='word_1_27' title='bbox 205 757 317 836; x_wconf 83' lang='lat' dir='ltr'><strong>gclionr</strong></span> <span class='ocrx_word' id='word_1_28' title='bbox 347 752 497 816; x_wconf 74' lang='lat' dir='ltr'><strong>Matthaei</strong></span> <span class='ocrx_word' id='word_1_29' title='bbox 527 754 586 814; x_wconf 90' lang='lat' dir='ltr'><strong>etc.</strong></span> <span class='ocrx_word' id='word_1_30' title='bbox 632 748 772 831; x_wconf 74' lang='lat' dir='ltr'><strong>(lapitnm</strong></span> <span class='ocrx_word' id='word_1_31' title='bbox 804 748 915 812; x_wconf 88' lang='lat' dir='ltr'><strong>divisio</strong></span> <span class='ocrx_word' id='word_1_32' title='bbox 947 748 1028 808; x_wconf 85' lang='lat' dir='ltr'><strong>iacta</strong></span> <span class='ocrx_word' id='word_1_33' title='bbox 1050 749 1099 808; x_wconf 90' lang='lat' dir='ltr'><strong>est</strong></span> <span class='ocrx_word' id='word_1_34' title='bbox 1124 747 1285 813; x_wconf 91' lang='lat' dir='ltr'><strong>secundnm</strong></span> <span class='ocrx_word' id='word_1_35' title='bbox 1308 749 1392 812; x_wconf 79' lang='lat' dir='ltr'><strong>Am-</strong></span> 
     </span>
     <span class='ocr_line' id='line_1_6' title="bbox 205 847 1391 933; baseline -0.004 -13"><span class='ocrx_word' id='word_1_36' title='bbox 205 857 295 920; x_wconf 89' lang='lat' dir='ltr'><strong>monli</strong></span> <span class='ocrx_word' id='word_1_37' title='bbox 323 859 355 918; x_wconf 92' lang='lat' dir='ltr'><strong>et</strong></span> <span class='ocrx_word' id='word_1_38' title='bbox 376 854 500 916; x_wconf 86' lang='lat' dir='ltr'><strong>llnsehii</strong></span> <span class='ocrx_word' id='word_1_39' title='bbox 531 870 678 933; x_wconf 86' lang='lat' dir='ltr'><strong>canones,</strong></span> <span class='ocrx_word' id='word_1_40' title='bbox 712 852 761 932; x_wconf 88' lang='lat' dir='ltr'><strong>qni</strong></span> <span class='ocrx_word' id='word_1_41' title='bbox 782 849 863 913; x_wconf 88' lang='lat' dir='ltr'><strong>hand</strong></span> <span class='ocrx_word' id='word_1_42' title='bbox 885 869 955 912; x_wconf 90' lang='lat' dir='ltr'><strong>raro</strong></span> <span class='ocrx_word' id='word_1_43' title='bbox 978 850 1008 909; x_wconf 94' lang='lat' dir='ltr'><strong>ln</strong></span> <span class='ocrx_word' id='word_1_44' title='bbox 1027 847 1284 926; x_wconf 77' lang='lat' dir='ltr'><strong>marginenotati</strong></span> <span class='ocrx_word' id='word_1_45' title='bbox 1307 855 1391 915; x_wconf 87' lang='lat' dir='ltr'><strong>snnt.</strong></span> 
     </span>
     <span class='ocr_line' id='line_1_7' title="bbox 202 951 1391 1046; baseline -0.005 -24"><span class='ocrx_word' id='word_1_46' title='bbox 202 958 317 1022; x_wconf 78' lang='lat' dir='ltr'><strong>&#39;Didert</strong></span> <span class='ocrx_word' id='word_1_47' title='bbox 347 959 446 1019; x_wconf 85' lang='lat' dir='ltr'><strong>tamen</strong></span> <span class='ocrx_word' id='word_1_48' title='bbox 474 955 672 1046; x_wconf 89' lang='lat' dir='ltr'><strong>capitulorum</strong></span> <span class='ocrx_word' id='word_1_49' title='bbox 703 971 843 1015; x_wconf 88' lang='lat' dir='ltr'><strong>numerus</strong></span> <span class='ocrx_word' id='word_1_50' title='bbox 874 953 911 1016; x_wconf 87' lang='lat' dir='ltr'><strong>ah</strong></span> <span class='ocrx_word' id='word_1_51' title='bbox 936 970 991 1031; x_wconf 90' lang='lat' dir='ltr'><strong>eo,</strong></span> <span class='ocrx_word' id='word_1_52' title='bbox 1018 951 1069 1034; x_wconf 88' lang='lat' dir='ltr'><strong>qul</strong></span> <span class='ocrx_word' id='word_1_53' title='bbox 1094 951 1228 1013; x_wconf 90' lang='lat' dir='ltr'><strong>codicum</strong></span> <span class='ocrx_word' id='word_1_54' title='bbox 1250 952 1391 1016; x_wconf 83' lang='lat' dir='ltr'><strong>Graeco-</strong></span> 
     </span>
     <span class='ocr_line' id='line_1_8' title="bbox 206 1049 1391 1136; baseline -0.003 -14"><span class='ocrx_word' id='word_1_55' title='bbox 206 1077 270 1122; x_wconf 85' lang='lat' dir='ltr'><strong>rum</strong></span> <span class='ocrx_word' id='word_1_56' title='bbox 295 1059 355 1118; x_wconf 86' lang='lat' dir='ltr'><strong>est.</strong></span> <span class='ocrx_word' id='word_1_57' title='bbox 397 1055 573 1120; x_wconf 75' lang='lat' dir='ltr'><strong>Matthaeus</strong></span> <span class='ocrx_word' id='word_1_58' title='bbox 596 1055 690 1117; x_wconf 90' lang='lat' dir='ltr'><strong>hahet</strong></span> <span class='ocrx_word' id='word_1_59' title='bbox 711 1049 812 1136; x_wconf 83' lang='lat' dir='ltr'><strong>capita</strong></span> <span class='ocrx_word' id='word_1_60' title='bbox 834 1052 916 1134; x_wconf 71' lang='lat'><strong>426,</strong></span> <span class='ocrx_word' id='word_1_61' title='bbox 943 1051 1068 1116; x_wconf 84' lang='lat' dir='ltr'><strong>lllarcur</strong></span> <span class='ocrx_word' id='word_1_62' title='bbox 1090 1051 1170 1133; x_wconf 73' lang='lat'><strong>290,</strong></span> <span class='ocrx_word' id='word_1_63' title='bbox 1191 1053 1291 1117; x_wconf 77' lang='lat' dir='ltr'><strong>Lucae</strong></span> <span class='ocrx_word' id='word_1_64' title='bbox 1312 1053 1391 1136; x_wconf 70' lang='lat'><strong>432,</strong></span> 
     </span>
     <span class='ocr_line' id='line_1_9' title="bbox 207 1154 1393 1235; baseline -0.005 -12"><span class='ocrx_word' id='word_1_65' title='bbox 207 1157 337 1223; x_wconf 86' lang='lat' dir='ltr'><strong>lo&#39;annes</strong></span> <span class='ocrx_word' id='word_1_66' title='bbox 361 1155 447 1233; x_wconf 74' lang='lat'><strong>2713</strong></span> <span class='ocrx_word' id='word_1_67' title='bbox 476 1159 505 1220; x_wconf 95' lang='lat' dir='ltr'><strong>in</strong></span> <span class='ocrx_word' id='word_1_68' title='bbox 531 1158 658 1223; x_wconf 81' lang='lat' dir='ltr'><strong>Graecis</strong></span> <span class='ocrx_word' id='word_1_69' title='bbox 678 1160 778 1220; x_wconf 88' lang='lat' dir='ltr'><strong>antem</strong></span> <span class='ocrx_word' id='word_1_70' title='bbox 801 1157 956 1220; x_wconf 82' lang='lat' dir='ltr'><strong>codicibus</strong></span> <span class='ocrx_word' id='word_1_71' title='bbox 977 1155 1130 1222; x_wconf 86' lang='lat' dir='ltr'><strong>rectiones</strong></span> <span class='ocrx_word' id='word_1_72' title='bbox 1153 1154 1393 1235; x_wconf 75' lang='lat' dir='ltr'><strong>Evangeliornm</strong></span> 
     </span>
     <span class='ocr_line' id='line_1_10' title="bbox 209 1247 1391 1345; baseline -0.005 -19"><span class='ocrx_word' id='word_1_73' title='bbox 209 1281 274 1326; x_wconf 86' lang='lat' dir='ltr'><strong>sec.</strong></span> <span class='ocrx_word' id='word_1_74' title='bbox 305 1258 491 1323; x_wconf 79' lang='lat' dir='ltr'><strong>Ammonium</strong></span> <span class='ocrx_word' id='word_1_75' title='bbox 527 1265 560 1326; x_wconf 91' lang='lat' dir='ltr'><strong>ct</strong></span> <span class='ocrx_word' id='word_1_76' title='bbox 594 1259 757 1322; x_wconf 73' lang='lat' dir='ltr'><strong>Eusebium</strong></span> <span class='ocrx_word' id='word_1_77' title='bbox 790 1247 862 1323; x_wconf 86' lang='lat' dir='ltr'><strong>runt</strong></span> <span class='ocrx_word' id='word_1_78' title='bbox 891 1256 1041 1322; x_wconf 80' lang='lat' dir='ltr'><strong>Matthaei</strong></span> <span class='ocrx_word' id='word_1_79' title='bbox 1067 1253 1149 1339; x_wconf 68' lang='lat'><strong>3553</strong></span> <span class='ocrx_word' id='word_1_80' title='bbox 1183 1256 1281 1345; x_wconf 81' lang='lat' dir='ltr'><strong>Marci</strong></span> <span class='ocrx_word' id='word_1_81' title='bbox 1314 1253 1391 1338; x_wconf 72' lang='lat'><strong>236,</strong></span> 
     </span>
     <span class='ocr_line' id='line_1_11' title="bbox 209 1358 1392 1443; baseline -0.007 -13"><span class='ocrx_word' id='word_1_82' title='bbox 209 1365 311 1430; x_wconf 80' lang='lat' dir='ltr'><strong>Lucae</strong></span> <span class='ocrx_word' id='word_1_83' title='bbox 340 1360 422 1443; x_wconf 69' lang='lat'><strong>342,</strong></span> <span class='ocrx_word' id='word_1_84' title='bbox 452 1361 572 1426; x_wconf 89' lang='lat' dir='ltr'><strong>loannis</strong></span> <span class='ocrx_word' id='word_1_85' title='bbox 602 1359 679 1427; x_wconf 73' lang='lat'><strong>232.</strong></span> <span class='ocrx_word' id='word_1_86' title='bbox 733 1359 844 1442; x_wconf 82' lang='lat' dir='ltr'><strong>Capita</strong></span> <span class='ocrx_word' id='word_1_87' title='bbox 868 1379 950 1424; x_wconf 88' lang='lat' dir='ltr'><strong>nova</strong></span> <span class='ocrx_word' id='word_1_88' title='bbox 978 1359 1059 1422; x_wconf 87' lang='lat' dir='ltr'><strong>linea</strong></span> <span class='ocrx_word' id='word_1_89' title='bbox 1080 1361 1233 1440; x_wconf 87' lang='lat' dir='ltr'><strong>incipiunt.</strong></span> <span class='ocrx_word' id='word_1_90' title='bbox 1277 1358 1392 1423; x_wconf 83' lang='lat' dir='ltr'><strong>Addita</strong></span> 
     </span>
     <span class='ocr_line' id='line_1_12' title="bbox 209 1453 1392 1548; baseline -0.002 -19"><span class='ocrx_word' id='word_1_91' title='bbox 209 1469 260 1530; x_wconf 90' lang='lat' dir='ltr'><strong>est</strong></span> <span class='ocrx_word' id='word_1_92' title='bbox 296 1464 477 1542; x_wconf 78' lang='lat' dir='ltr'><strong>llvangolio·</strong></span> <span class='ocrx_word' id='word_1_93' title='bbox 506 1463 689 1548; x_wconf 80' lang='lat' dir='ltr'><strong>epigraphe.</strong></span> <span class='ocrx_word' id='word_1_94' title='bbox 734 1462 772 1525; x_wconf 59' lang='lat' dir='ltr'><strong>,ln</strong></span> <span class='ocrx_word' id='word_1_95' title='bbox 804 1453 871 1526; x_wconf 75' lang='lat' dir='ltr'><strong>cod</strong></span> <span class='ocrx_word' id='word_1_96' title='bbox 905 1463 1079 1527; x_wconf 83' lang='lat' dir='ltr'><strong>Florentino</strong></span> <span class='ocrx_word' id='word_1_97' title='bbox 1113 1463 1294 1541; x_wconf 79' lang='lat' dir='ltr'><strong>consignata</strong></span> <span class='ocrx_word' id='word_1_98' title='bbox 1321 1464 1392 1527; x_wconf 88' lang='lat' dir='ltr'><strong>sunt</strong></span> 
     </span>
    </p>
   </div>
   <div class='ocr_carea' id='block_1_3' title="bbox 209 1553 1390 1696">
    <p class='ocr_par' dir='ltr' id='par_1_3' title="bbox 209 1553 1390 1696">
     <span class='ocr_line' id='line_1_13' title="bbox 209 1553 1390 1696; baseline -0.003 -50"><span class='ocrx_word' id='word_1_99' title='bbox 209 1586 299 1647; x_wconf 88' lang='lat' dir='ltr'><strong>etiam</strong></span> <span class='ocrx_word' id='word_1_100' title='bbox 326 1584 472 1646; x_wconf 88' lang='lat' dir='ltr'><strong>commata</strong></span> <span class='ocrx_word' id='word_1_101' title='bbox 499 1577 624 1664; x_wconf 86' lang='lat' dir='ltr'><strong>hr&#39;evia,</strong></span> <span class='ocrx_word' id='word_1_102' title='bbox 652 1553 813 1696; x_wconf 53' lang='grc' dir='ltr'>150-ἐῦ</span> <span class='ocrx_word' id='word_1_103' title='bbox 842 1582 942 1663; x_wconf 87' lang='lat' dir='ltr'><strong>dicta,</strong></span> <span class='ocrx_word' id='word_1_104' title='bbox 977 1583 1089 1665; x_wconf 92' lang='lat' dir='ltr'><strong>puncto</strong></span> <span class='ocrx_word' id='word_1_105' title='bbox 1124 1581 1215 1644; x_wconf 89' lang='lat' dir='ltr'><strong>rohro</strong></span> <span class='ocrx_word' id='word_1_106' title='bbox 1245 1582 1323 1644; x_wconf 90' lang='lat' dir='ltr'><strong>inter</strong></span> <span class='ocrx_word' id='word_1_107' title='bbox 1353 1599 1390 1643; x_wconf 89' lang='lat' dir='ltr'><strong>se</strong></span> 
     </span>
    </p>
   </div>
   <div class='ocr_carea' id='block_1_4' title="bbox 131 1698 1483 3214">
    <p class='ocr_par' dir='ltr' id='par_1_4' title="bbox 131 1698 1483 3214">
     <span class='ocr_line' id='line_1_14' title="bbox 211 1698 1416 1779; baseline 0.003 -17"><span class='ocrx_word' id='word_1_108' title='bbox 211 1701 320 1762; x_wconf 80' lang='lat' dir='ltr'><strong>divisa.</strong></span> <span class='ocrx_word' id='word_1_109' title='bbox 364 1698 412 1760; x_wconf 79' lang='lat' dir='ltr'><strong>lle</strong></span> <span class='ocrx_word' id='word_1_110' title='bbox 434 1703 610 1779; x_wconf 88' lang='lat' dir='ltr'><strong>punctorum</strong></span> <span class='ocrx_word' id='word_1_111' title='bbox 631 1701 749 1763; x_wconf 84' lang='lat' dir='ltr'><strong>ratione</strong></span> <span class='ocrx_word' id='word_1_112' title='bbox 770 1700 849 1762; x_wconf 87' lang='lat' dir='ltr'><strong>inira</strong></span> <span class='ocrx_word' id='word_1_113' title='bbox 871 1717 970 1762; x_wconf 89' lang='lat' dir='ltr'><strong>sermo</strong></span> <span class='ocrx_word' id='word_1_114' title='bbox 992 1701 1061 1762; x_wconf 88' lang='lat' dir='ltr'><strong>erit.</strong></span> <span class='ocrx_word' id='word_1_115' title='bbox 1413 1761 1416 1766; x_wconf 87' lang='lat'><em>.</em></span> 
     </span>
     <span class='ocr_line' id='line_1_15' title="bbox 310 1787 1389 1880; baseline 0.001 -21"><span class='ocrx_word' id='word_1_116' title='bbox 310 1797 345 1860; x_wconf 94' lang='lat' dir='ltr'><strong>ln</strong></span> <span class='ocrx_word' id='word_1_117' title='bbox 367 1787 551 1868; x_wconf 77' lang='lat' dir='ltr'><strong>exornandis</strong></span> <span class='ocrx_word' id='word_1_118' title='bbox 575 1801 756 1865; x_wconf 75' lang='lat' dir='ltr'><strong>editionibus</strong></span> <span class='ocrx_word' id='word_1_119' title='bbox 785 1802 937 1864; x_wconf 83' lang='lat' dir='ltr'><strong>versionis</strong></span> <span class='ocrx_word' id='word_1_120' title='bbox 960 1797 999 1864; x_wconf 87' lang='lat' dir='ltr'><strong>N.</strong></span> <span class='ocrx_word' id='word_1_121' title='bbox 1022 1800 1063 1862; x_wconf 84' lang='grc' dir='ltr'><strong>Τ.</strong></span> <span class='ocrx_word' id='word_1_122' title='bbox 1087 1799 1233 1880; x_wconf 80' lang='lat' dir='ltr'><strong>Syriacae</strong></span> <span class='ocrx_word' id='word_1_123' title='bbox 1251 1797 1389 1862; x_wconf 87' lang='lat' dir='ltr'><strong>codicum</strong></span> 
     </span>
     <span class='ocr_line' id='line_1_16' title="bbox 210 1901 1389 1989; baseline -0.001 -26"><span class='ocrx_word' id='word_1_124' title='bbox 210 1901 327 1964; x_wconf 92' lang='lat' dir='ltr'><strong>illorum</strong></span> <span class='ocrx_word' id='word_1_125' title='bbox 358 1901 458 1964; x_wconf 89' lang='lat' dir='ltr'><strong>nullus</strong></span> <span class='ocrx_word' id='word_1_126' title='bbox 488 1903 589 1967; x_wconf 87' lang='lat' dir='ltr'><strong>iactus</strong></span> <span class='ocrx_word' id='word_1_127' title='bbox 611 1908 668 1968; x_wconf 86' lang='lat' dir='ltr'><strong>est</strong></span> <span class='ocrx_word' id='word_1_128' title='bbox 689 1923 774 1969; x_wconf 85' lang='lat' dir='ltr'><strong>nsns.</strong></span> <span class='ocrx_word' id='word_1_129' title='bbox 816 1904 972 1989; x_wconf 82' lang='lat' dir='ltr'><strong>Quotquot</strong></span> <span class='ocrx_word' id='word_1_130' title='bbox 995 1905 1093 1965; x_wconf 89' lang='lat' dir='ltr'><strong>autem</strong></span> <span class='ocrx_word' id='word_1_131' title='bbox 1114 1904 1312 1983; x_wconf 86' lang='lat' dir='ltr'><strong>inspexerunt</strong></span> <span class='ocrx_word' id='word_1_132' title='bbox 1332 1919 1389 1963; x_wconf 91' lang='lat' dir='ltr'><strong>eos</strong></span> 
     </span>
     <span class='ocr_line' id='line_1_17' title="bbox 212 2003 1392 2086; baseline 0.003 -21"><span class='ocrx_word' id='word_1_133' title='bbox 212 2003 244 2066; x_wconf 90' lang='lat' dir='ltr'><strong>et</strong></span> <span class='ocrx_word' id='word_1_134' title='bbox 280 2005 505 2086; x_wconf 82' lang='lat' dir='ltr'><strong>examinarunt,</strong></span> <span class='ocrx_word' id='word_1_135' title='bbox 541 2011 602 2068; x_wconf 89' lang='lat' dir='ltr'><strong>nno</strong></span> <span class='ocrx_word' id='word_1_136' title='bbox 639 2025 693 2070; x_wconf 91' lang='lat' dir='ltr'><strong>ore</strong></span> <span class='ocrx_word' id='word_1_137' title='bbox 728 2009 908 2083; x_wconf 79' lang='lat' dir='ltr'><strong>testantur„</strong></span> <span class='ocrx_word' id='word_1_138' title='bbox 929 2007 1057 2086; x_wconf 88' lang='lat' dir='ltr'><strong>reperiri</strong></span> <span class='ocrx_word' id='word_1_139' title='bbox 1089 2004 1298 2067; x_wconf 83' lang='lat' dir='ltr'><strong>diversitatem</strong></span> <span class='ocrx_word' id='word_1_140' title='bbox 1325 2003 1392 2069; x_wconf 73' lang='lat' dir='ltr'><strong>iero</strong></span> 
     </span>
     <span class='ocr_line' id='line_1_18' title="bbox 209 2104 1392 2190; baseline -0.002 -23"><span class='ocrx_word' id='word_1_141' title='bbox 209 2105 319 2168; x_wconf 93' lang='lat' dir='ltr'><strong>nullam</strong></span> <span class='ocrx_word' id='word_1_142' title='bbox 346 2125 364 2166; x_wconf 89' lang='lat' dir='ltr'><strong>a</strong></span> <span class='ocrx_word' id='word_1_143' title='bbox 392 2109 481 2171; x_wconf 87' lang='lat' dir='ltr'><strong>textu</strong></span> <span class='ocrx_word' id='word_1_144' title='bbox 510 2109 664 2190; x_wconf 86' lang='lat' dir='ltr'><strong>Simphcis</strong></span> <span class='ocrx_word' id='word_1_145' title='bbox 698 2109 792 2172; x_wconf 89' lang='lat' dir='ltr'><strong>edito.</strong></span> <span class='ocrx_word' id='word_1_146' title='bbox 835 2104 1161 2189; x_wconf 79' lang='lat' dir='ltr'><strong>Praecipue&#39;Adlerus</strong></span> <span class='ocrx_word' id='word_1_147' title='bbox 1178 2107 1266 2170; x_wconf 90' lang='lat' dir='ltr'><strong>loeus</strong></span> <span class='ocrx_word' id='word_1_148' title='bbox 1287 2106 1392 2169; x_wconf 89' lang='lat' dir='ltr'><strong>varios</strong></span> 
     </span>
     <span class='ocr_line' id='line_1_19' title="bbox 210 2207 1392 2294; baseline -0.003 -23"><span class='ocrx_word' id='word_1_149' title='bbox 210 2207 337 2271; x_wconf 89' lang='lat' dir='ltr'><strong>contulit</strong></span> <span class='ocrx_word' id='word_1_150' title='bbox 363 2207 497 2289; x_wconf 84' lang='lat' dir='ltr'><strong>codicum</strong></span> <span class='ocrx_word' id='word_1_151' title='bbox 526 2213 678 2274; x_wconf 86' lang='lat' dir='ltr'><strong>variorum</strong></span> <span class='ocrx_word' id='word_1_152' title='bbox 706 2230 806 2294; x_wconf 87' lang='lat' dir='ltr'><strong>neque</strong></span> <span class='ocrx_word' id='word_1_153' title='bbox 833 2209 953 2272; x_wconf 88' lang='lat' dir='ltr'><strong>multum</strong></span> <span class='ocrx_word' id='word_1_154' title='bbox 980 2209 1133 2272; x_wconf 85' lang='lat' dir='ltr'><strong>excedere</strong></span> <span class='ocrx_word' id='word_1_155' title='bbox 1162 2211 1206 2272; x_wconf 89' lang='lat' dir='ltr'><strong>ait</strong></span> <span class='ocrx_word' id='word_1_156' title='bbox 1235 2209 1392 2270; x_wconf 81' lang='lat' dir='ltr'><strong>uariantes</strong></span> 
     </span>
     <span class='ocr_line' id='line_1_20' title="bbox 131 2293 1391 2395; baseline 0.002 -26"><span class='ocrx_word' id='word_1_157' title='bbox 131 2303 136 2312; x_wconf 86' lang='lat'><em>&#39;</em></span> <span class='ocrx_word' id='word_1_158' title='bbox 209 2308 358 2372; x_wconf 90' lang='lat' dir='ltr'><strong>lectiones</strong></span> <span class='ocrx_word' id='word_1_159' title='bbox 389 2309 627 2394; x_wconf 77' lang='lat' dir='ltr'><strong>orthographiae</strong></span> <span class='ocrx_word' id='word_1_160' title='bbox 655 2318 688 2378; x_wconf 93' lang='lat' dir='ltr'><strong>et</strong></span> <span class='ocrx_word' id='word_1_161' title='bbox 710 2313 924 2395; x_wconf 86' lang='lat' dir='ltr'><strong>particularum</strong></span> <span class='ocrx_word' id='word_1_162' title='bbox 945 2311 1165 2374; x_wconf 81' lang='lat' dir='ltr'><strong>diversitatem.</strong></span> <span class='ocrx_word' id='word_1_163' title='bbox 1209 2293 1292 2372; x_wconf 87' lang='lat' dir='ltr'><strong>Idem</strong></span> <span class='ocrx_word' id='word_1_164' title='bbox 1317 2310 1391 2372; x_wconf 91' lang='lat' dir='ltr'><strong>Wi-</strong></span> 
     </span>
     <span class='ocr_line' id='line_1_21' title="bbox 209 2412 1391 2494; baseline 0.002 -23"><span class='ocrx_word' id='word_1_165' title='bbox 209 2415 349 2473; x_wconf 80' lang='lat' dir='ltr'><strong>se&#39;manns</strong></span> <span class='ocrx_word' id='word_1_166' title='bbox 377 2416 533 2474; x_wconf 88' lang='lat' dir='ltr'><strong>memorat.</strong></span> <span class='ocrx_word' id='word_1_167' title='bbox 577 2415 720 2477; x_wconf 88' lang='lat' dir='ltr'><strong>Praebuit</strong></span> <span class='ocrx_word' id='word_1_168' title='bbox 750 2415 884 2477; x_wconf 83' lang='lat' dir='ltr'><strong>Adlcrns</strong></span> <span class='ocrx_word' id='word_1_169' title='bbox 913 2415 1065 2494; x_wconf 88' lang='lat' dir='ltr'><strong>specimen</strong></span> <span class='ocrx_word' id='word_1_170' title='bbox 1096 2414 1248 2476; x_wconf 88' lang='lat' dir='ltr'><strong>variarum</strong></span> <span class='ocrx_word' id='word_1_171' title='bbox 1276 2412 1391 2474; x_wconf 88' lang='lat' dir='ltr'><strong>lectlo-</strong></span> 
     </span>
     <span class='ocr_line' id='line_1_22' title="bbox 210 2511 1390 2596; baseline 0 -23"><span class='ocrx_word' id='word_1_172' title='bbox 210 2529 277 2573; x_wconf 91' lang='lat' dir='ltr'><strong>num</strong></span> <span class='ocrx_word' id='word_1_173' title='bbox 302 2513 331 2573; x_wconf 93' lang='lat' dir='ltr'><strong>in</strong></span> <span class='ocrx_word' id='word_1_174' title='bbox 352 2511 430 2574; x_wconf 89' lang='lat' dir='ltr'><strong>lihro</strong></span> <span class='ocrx_word' id='word_1_175' title='bbox 455 2516 580 2596; x_wconf 82' lang='lat' dir='ltr'><strong>saepius</strong></span> <span class='ocrx_word' id='word_1_176' title='bbox 602 2517 732 2581; x_wconf 70' lang='lat' dir='ltr'><strong>laudato*</strong></span> <span class='ocrx_word' id='word_1_177' title='bbox 750 2536 791 2578; x_wconf 85' lang='lat' dir='ltr'><strong>ex</strong></span> <span class='ocrx_word' id='word_1_178' title='bbox 813 2518 880 2579; x_wconf 89' lang='lat' dir='ltr'><strong>eod.</strong></span> <span class='ocrx_word' id='word_1_179' title='bbox 905 2515 983 2577; x_wconf 87' lang='lat' dir='ltr'><strong>Nitr.</strong></span> <span class='ocrx_word' id='word_1_180' title='bbox 1007 2515 1048 2588; x_wconf 90' lang='lat' dir='ltr'><strong>l.;</strong></span> <span class='ocrx_word' id='word_1_181' title='bbox 1079 2516 1136 2577; x_wconf 84' lang='lat' dir='ltr'><strong>vix</strong></span> <span class='ocrx_word' id='word_1_182' title='bbox 1159 2532 1216 2576; x_wconf 88' lang='lat' dir='ltr'><strong>nna</strong></span> <span class='ocrx_word' id='word_1_183' title='bbox 1241 2513 1390 2576; x_wconf 87' lang='lat' dir='ltr'><strong>etaltera</strong></span> 
     </span>
     <span class='ocr_line' id='line_1_23' title="bbox 209 2615 1229 2700; baseline 0.004 -26"><span class='ocrx_word' id='word_1_184' title='bbox 209 2615 360 2694; x_wconf 90' lang='lat' dir='ltr'><strong>reperitur</strong></span> <span class='ocrx_word' id='word_1_185' title='bbox 383 2615 565 2697; x_wconf 80' lang='lat' dir='ltr'><strong>diversitas,</strong></span> <span class='ocrx_word' id='word_1_186' title='bbox 596 2625 674 2700; x_wconf 80' lang='lat' dir='ltr'><strong>qnae</strong></span> <span class='ocrx_word' id='word_1_187' title='bbox 695 2617 815 2684; x_wconf 84' lang='lat' dir='ltr'><strong>sensnm</strong></span> <span class='ocrx_word' id='word_1_188' title='bbox 835 2618 887 2679; x_wconf 90' lang='lat' dir='ltr'><strong>vel</strong></span> <span class='ocrx_word' id='word_1_189' title='bbox 907 2616 1074 2679; x_wconf 83' lang='lat' dir='ltr'><strong>levissime</strong></span> <span class='ocrx_word' id='word_1_190' title='bbox 1086 2619 1229 2681; x_wconf 83' lang='lat' dir='ltr'><strong>immutet.</strong></span> 
     </span>
     <span class='ocr_line' id='line_1_24' title="bbox 312 2715 1391 2800; baseline 0.003 -24"><span class='ocrx_word' id='word_1_191' title='bbox 312 2715 475 2781; x_wconf 82' lang='lat' dir='ltr'><strong>variantes</strong></span> <span class='ocrx_word' id='word_1_192' title='bbox 500 2719 649 2783; x_wconf 90' lang='lat' dir='ltr'><strong>lectiones</strong></span> <span class='ocrx_word' id='word_1_193' title='bbox 683 2719 760 2786; x_wconf 91' lang='grc' dir='ltr'><strong>θοὰ.</strong></span> <span class='ocrx_word' id='word_1_194' title='bbox 792 2718 1053 2800; x_wconf 82' lang='lat' dir='ltr'><strong>Gnelpherhytanl</strong></span> <span class='ocrx_word' id='word_1_195' title='bbox 1080 2719 1225 2782; x_wconf 88' lang='lat' dir='ltr'><strong>Brunsios</strong></span> <span class='ocrx_word' id='word_1_196' title='bbox 1260 2715 1391 2794; x_wconf 80' lang='lat' dir='ltr'><strong>collegit</strong></span> 
     </span>
     <span class='ocr_line' id='line_1_25' title="bbox 208 2816 1483 2912; baseline 0.002 -35"><span class='ocrx_word' id='word_1_197' title='bbox 208 2817 239 2878; x_wconf 93' lang='lat' dir='ltr'><strong>ln</strong></span> <span class='ocrx_word' id='word_1_198' title='bbox 267 2816 441 2900; x_wconf 85' lang='lat' dir='ltr'><strong>Repertorii</strong></span> <span class='ocrx_word' id='word_1_199' title='bbox 469 2819 679 2884; x_wconf 86' lang='lat' dir='ltr'><strong>llichhornianl</strong></span> <span class='ocrx_word' id='word_1_200' title='bbox 704 2823 778 2912; x_wconf 81' lang='lat' dir='ltr'><strong>voll.</strong></span> <span class='ocrx_word' id='word_1_201' title='bbox 804 2820 874 2885; x_wconf 86' lang='lat' dir='ltr'><strong>XV.</strong></span> <span class='ocrx_word' id='word_1_202' title='bbox 892 2822 935 2883; x_wconf 87' lang='lat' dir='ltr'><strong>-ct</strong></span> <span class='ocrx_word' id='word_1_203' title='bbox 954 2819 1041 2882; x_wconf 88' lang='lat' dir='ltr'><strong>xvi.</strong></span> <span class='ocrx_word' id='word_1_204' title='bbox 1083 2821 1166 2884; x_wconf 88' lang='lat' dir='ltr'><strong>Sane</strong></span> <span class='ocrx_word' id='word_1_205' title='bbox 1192 2820 1279 2882; x_wconf 89' lang='lat' dir='ltr'><strong>huius</strong></span> <span class='ocrx_word' id='word_1_206' title='bbox 1300 2819 1390 2882; x_wconf 91' lang='lat' dir='ltr'><strong>eodi-</strong></span> <span class='ocrx_word' id='word_1_207' title='bbox 1474 2883 1483 2898; x_wconf 87' lang='lat'><strong>..</strong></span> 
     </span>
     <span class='ocr_line' id='line_1_26' title="bbox 192 2920 1389 3004; baseline 0 -24"><span class='ocrx_word' id='word_1_208' title='bbox 192 2920 254 3004; x_wconf 70' lang='lat' dir='ltr'><strong>¹cis</strong></span> <span class='ocrx_word' id='word_1_209' title='bbox 284 2925 333 2984; x_wconf 87' lang='lat' dir='ltr'><strong>est</strong></span> <span class='ocrx_word' id='word_1_210' title='bbox 362 2921 463 3003; x_wconf 86' lang='lat' dir='ltr'><strong>aliqua</strong></span> <span class='ocrx_word' id='word_1_211' title='bbox 490 2923 666 2986; x_wconf 86' lang='lat' dir='ltr'><strong>diversitas.</strong></span> <span class='ocrx_word' id='word_1_212' title='bbox 715 2924 796 2987; x_wconf 87' lang='lat' dir='ltr'><strong>Nihil</strong></span> <span class='ocrx_word' id='word_1_213' title='bbox 820 2926 920 2988; x_wconf 88' lang='lat' dir='ltr'><strong>tamen</strong></span> <span class='ocrx_word' id='word_1_214' title='bbox 939 2921 1060 3001; x_wconf 83' lang='lat' dir='ltr'><strong>duhito,</strong></span> <span class='ocrx_word' id='word_1_215' title='bbox 1089 2942 1187 3004; x_wconf 88' lang='lat' dir='ltr'><strong>panca</strong></span> <span class='ocrx_word' id='word_1_216' title='bbox 1205 2925 1232 2984; x_wconf 93' lang='lat' dir='ltr'><strong>sl</strong></span> <span class='ocrx_word' id='word_1_217' title='bbox 1251 2921 1389 3001; x_wconf 87' lang='lat' dir='ltr'><strong>excipias</strong></span> 
     </span>
     <span class='ocr_line' id='line_1_27' title="bbox 209 3021 1390 3109; baseline 0.007 -31"><span class='ocrx_word' id='word_1_218' title='bbox 209 3021 278 3099; x_wconf 91' lang='lat' dir='ltr'><strong>quin</strong></span> <span class='ocrx_word' id='word_1_219' title='bbox 304 3021 355 3083; x_wconf 90' lang='lat' dir='ltr'><strong>ille</strong></span> <span class='ocrx_word' id='word_1_220' title='bbox 378 3023 416 3085; x_wconf 91' lang='lat' dir='ltr'><strong>ad</strong></span> <span class='ocrx_word' id='word_1_221' title='bbox 431 3025 548 3086; x_wconf 88' lang='lat' dir='ltr'><strong>textum</strong></span> <span class='ocrx_word' id='word_1_222' title='bbox 564 3025 711 3088; x_wconf 85' lang='lat' dir='ltr'><strong>Graccum</strong></span> <span class='ocrx_word' id='word_1_223' title='bbox 727 3023 928 3109; x_wconf 90' lang='lat' dir='ltr'><strong>aliquomodo</strong></span> <span class='ocrx_word' id='word_1_224' title='bbox 943 3025 1145 3088; x_wconf 76' lang='lat' dir='ltr'><strong>conformatus</strong></span> <span class='ocrx_word' id='word_1_225' title='bbox 1160 3021 1254 3106; x_wconf 78' lang='lat' dir='ltr'><strong>sit&#39;¹).</strong></span> <span class='ocrx_word' id='word_1_226' title='bbox 1297 3022 1390 3086; x_wconf 85' lang='lat' dir='ltr'><strong>Nulla</strong></span> 
     </span>
     <span class='ocr_line' id='line_1_28' title="bbox 207 3121 1389 3214; baseline 0.003 -32"><span class='ocrx_word' id='word_1_227' title='bbox 207 3121 274 3182; x_wconf 85' lang='lat' dir='ltr'><strong>iere</strong></span> <span class='ocrx_word' id='word_1_228' title='bbox 302 3127 352 3186; x_wconf 91' lang='lat' dir='ltr'><strong>est</strong></span> <span class='ocrx_word' id='word_1_229' title='bbox 381 3141 400 3185; x_wconf 83' lang='lat' dir='ltr'><strong>a</strong></span> <span class='ocrx_word' id='word_1_230' title='bbox 430 3127 520 3188; x_wconf 85' lang='lat' dir='ltr'><strong>textu</strong></span> <span class='ocrx_word' id='word_1_231' title='bbox 554 3127 679 3205; x_wconf 79' lang='lat' dir='ltr'><strong>vulgari</strong></span> <span class='ocrx_word' id='word_1_232' title='bbox 708 3127 929 3210; x_wconf 83' lang='lat' dir='ltr'><strong>discrepantia,</strong></span> <span class='ocrx_word' id='word_1_233' title='bbox 953 3127 1012 3186; x_wconf 89' lang='lat' dir='ltr'><strong>nisi</strong></span> <span class='ocrx_word' id='word_1_234' title='bbox 1039 3127 1265 3214; x_wconf 87' lang='lat' dir='ltr'><strong>quodomittat</strong></span> <span class='ocrx_word' id='word_1_235' title='bbox 1287 3124 1389 3186; x_wconf 88' lang='lat' dir='ltr'><strong>codex</strong></span> 
     </span>
    </p>
   </div>
   <div class='ocr_carea' id='block_1_5' title="bbox 96 3223 1389 3308">
    <p class='ocr_par' dir='ltr' id='par_1_5' title="bbox 96 3223 1389 3308">
     <span class='ocr_line' id='line_1_29' title="bbox 96 3223 1389 3308; baseline 0.005 -26"><span class='ocrx_word' id='word_1_236' title='bbox 96 3233 127 3290; x_wconf 86' lang='grc'><strong>·,</strong></span> <span class='ocrx_word' id='word_1_237' title='bbox 207 3239 306 3301; x_wconf 89' lang='lat' dir='ltr'><strong>pauca</strong></span> <span class='ocrx_word' id='word_1_238' title='bbox 335 3223 449 3305; x_wconf 85' lang='lat' dir='ltr'><strong>verba,</strong></span> <span class='ocrx_word' id='word_1_239' title='bbox 485 3233 563 3307; x_wconf 81' lang='lat' dir='ltr'><strong>qnae</strong></span> <span class='ocrx_word' id='word_1_240' title='bbox 591 3228 622 3288; x_wconf 93' lang='lat' dir='ltr'><strong>in</strong></span> <span class='ocrx_word' id='word_1_241' title='bbox 645 3228 764 3292; x_wconf 85' lang='lat' dir='ltr'><strong>Gracco</strong></span> <span class='ocrx_word' id='word_1_242' title='bbox 795 3249 854 3294; x_wconf 93' lang='lat' dir='ltr'><strong>non</strong></span> <span class='ocrx_word' id='word_1_243' title='bbox 884 3230 1044 3308; x_wconf 82' lang='lat' dir='ltr'><strong>leguntur,</strong></span> <span class='ocrx_word' id='word_1_244' title='bbox 1083 3229 1136 3292; x_wconf 89' lang='lat' dir='ltr'><strong>vel</strong></span> <span class='ocrx_word' id='word_1_245' title='bbox 1161 3228 1253 3291; x_wconf 89' lang='lat' dir='ltr'><strong>addat</strong></span> <span class='ocrx_word' id='word_1_246' title='bbox 1276 3228 1389 3288; x_wconf 87' lang='lat' dir='ltr'><strong>omissa</strong></span> 
     </span>
    </p>
   </div>
   <div class='ocr_carea' id='block_1_6' title="bbox 206 3321 1388 3541">
    <p class='ocr_par' dir='ltr' id='par_1_6' title="bbox 206 3321 1388 3541">
     <span class='ocr_line' id='line_1_30' title="bbox 208 3321 1387 3418; baseline 0.008 -36"><span class='ocrx_word' id='word_1_247' title='bbox 208 3321 261 3382; x_wconf 85' lang='lat' dir='ltr'><strong>vel</strong></span> <span class='ocrx_word' id='word_1_248' title='bbox 291 3324 422 3386; x_wconf 90' lang='lat' dir='ltr'><strong>ordinem</strong></span> <span class='ocrx_word' id='word_1_249' title='bbox 450 3327 611 3390; x_wconf 91' lang='lat' dir='ltr'><strong>verhorum</strong></span> <span class='ocrx_word' id='word_1_250' title='bbox 631 3331 784 3395; x_wconf 88' lang='lat' dir='ltr'><strong>restituat.</strong></span> <span class='ocrx_word' id='word_1_251' title='bbox 828 3331 913 3418; x_wconf 85' lang='lat' dir='ltr'><strong>Quae</strong></span> <span class='ocrx_word' id='word_1_252' title='bbox 936 3330 1003 3391; x_wconf 88' lang='lat' dir='ltr'><strong>iere</strong></span> <span class='ocrx_word' id='word_1_253' title='bbox 1026 3333 1123 3394; x_wconf 89' lang='lat' dir='ltr'><strong>omnia</strong></span> <span class='ocrx_word' id='word_1_254' title='bbox 1143 3347 1255 3391; x_wconf 90' lang='lat' dir='ltr'><strong>manum</strong></span> <span class='ocrx_word' id='word_1_255' title='bbox 1278 3345 1387 3390; x_wconf 89' lang='lat' dir='ltr'><strong>emen-</strong></span> 
     </span>
     <span class='ocr_line' id='line_1_31' title="bbox 206 3437 1388 3541; baseline 0.007 -42"><span class='ocrx_word' id='word_1_256' title='bbox 206 3437 351 3508; x_wconf 86' lang='lat' dir='ltr'><strong>datricem</strong></span> <span class='ocrx_word' id='word_1_257' title='bbox 383 3443 539 3525; x_wconf 91' lang='lat' dir='ltr'><strong>prodont.·</strong></span> <span class='ocrx_word' id='word_1_258' title='bbox 566 3445 625 3508; x_wconf 83' lang='lat' dir='ltr'><strong>lix.</strong></span> <span class='ocrx_word' id='word_1_259' title='bbox 654 3465 704 3527; x_wconf 78' lang='lat' dir='ltr'><strong>gr.</strong></span> <span class='ocrx_word' id='word_1_260' title='bbox 734 3447 832 3518; x_wconf 85' lang='lat' dir='ltr'><strong>lllarc.</strong></span> <span class='ocrx_word' id='word_1_261' title='bbox 860 3447 924 3527; x_wconf 82' lang='lat' dir='ltr'><strong>lx,</strong></span> <span class='ocrx_word' id='word_1_262' title='bbox 954 3445 1006 3510; x_wconf 87' lang='grc'>14.</span> <span class='ocrx_word' id='word_1_263' title='bbox 1039 3447 1149 3511; x_wconf 84' lang='lat' dir='ltr'><strong>Pesch.</strong></span> <span class='ocrx_word' id='word_1_264' title='bbox 1174 3453 1282 3541; x_wconf 52' lang='lat' dir='ltr'><strong>&lt;am</strong></span> <span class='ocrx_word' id='word_1_265' title='bbox 1307 3445 1388 3510; x_wconf 91' lang='grc' dir='ltr'><strong>θοὰ.</strong></span> 
     </span>
    </p>
   </div>
   <div class='ocr_carea' id='block_1_7' title="bbox 205 3553 1388 3689">
    <p class='ocr_par' dir='ltr' id='par_1_7' title="bbox 205 3553 1388 3689">
     <span class='ocr_line' id='line_1_32' title="bbox 205 3553 1388 3689; baseline 0.001 -53"><span class='ocrx_word' id='word_1_266' title='bbox 205 3565 307 3668; x_wconf 53' lang='grc' dir='ltr'><strong>(Δὶ)</strong></span> <span class='ocrx_word' id='word_1_267' title='bbox 336 3575 390 3678; x_wconf 66' lang='lat' dir='ltr'><strong>Gr.</strong></span> <span class='ocrx_word' id='word_1_268' title='bbox 420 3576 630 3655; x_wconf 79' lang='grc' dir='ltr'><strong>σοζητοῦντας.</strong></span> <span class='ocrx_word' id='word_1_269' title='bbox 665 3599 714 3645; x_wconf 86' lang='lat' dir='ltr'><strong>vs.</strong></span> <span class='ocrx_word' id='word_1_270' title='bbox 754 3578 807 3670; x_wconf 60' lang='grc' dir='ltr'><strong>19ι</strong></span> <span class='ocrx_word' id='word_1_271' title='bbox 838 3577 950 3642; x_wconf 87' lang='lat' dir='ltr'><strong>Pescln.</strong></span> <span class='ocrx_word' id='word_1_272' title='bbox 979 3571 1128 3682; x_wconf 59' lang='lat' dir='ltr'><strong>hm</strong></span> <span class='ocrx_word' id='word_1_273' title='bbox 1141 3581 1220 3646; x_wconf 87' lang='grc' dir='ltr'><strong>θοὰ.</strong></span> <span class='ocrx_word' id='word_1_274' title='bbox 1233 3553 1388 3689; x_wconf 38' lang='grc' dir='ltr'><strong>ΚΟΟᾸΟΧ</strong></span> 
     </span>
    </p>
   </div>
   <div class='ocr_carea' id='block_1_8' title="bbox 203 3687 1388 3880">
    <p class='ocr_par' dir='ltr' id='par_1_8' title="bbox 203 3687 1388 3880">
     <span class='ocr_line' id='line_1_33' title="bbox 205 3687 1388 3784; baseline 0.004 -29"><span class='ocrx_word' id='word_1_275' title='bbox 205 3687 258 3755; x_wconf 76' lang='lat' dir='ltr'><strong>(ir.</strong></span> <span class='ocrx_word' id='word_1_276' title='bbox 288 3687 475 3778; x_wconf 59' lang='lat' dir='ltr'><strong>spoisipcic</strong></span> <span class='ocrx_word' id='word_1_277' title='bbox 504 3700 537 3760; x_wconf 91' lang='lat' dir='ltr'><strong>et</strong></span> <span class='ocrx_word' id='word_1_278' title='bbox 560 3698 651 3780; x_wconf 49' lang='lat' dir='ltr'><strong>alla„</strong></span> <span class='ocrx_word' id='word_1_279' title='bbox 683 3691 811 3761; x_wconf 87' lang='lat' dir='ltr'><strong>Brunsio</strong></span> <span class='ocrx_word' id='word_1_280' title='bbox 841 3697 901 3779; x_wconf 90' lang='lat' dir='ltr'><strong>ipsi</strong></span> <span class='ocrx_word' id='word_1_281' title='bbox 932 3701 1133 3781; x_wconf 90' lang='lat' dir='ltr'><strong>suspicionem</strong></span> <span class='ocrx_word' id='word_1_282' title='bbox 1159 3701 1273 3780; x_wconf 89' lang='lat' dir='ltr'><strong>movit,</strong></span> <span class='ocrx_word' id='word_1_283' title='bbox 1306 3699 1388 3784; x_wconf 87' lang='lat' dir='ltr'><strong>qnod</strong></span> 
     </span>
     <span class='ocr_line' id='line_1_34' title="bbox 203 3791 1386 3880; baseline 0.009 -29"><span class='ocrx_word' id='word_1_284' title='bbox 203 3791 254 3854; x_wconf 86' lang='lat' dir='ltr'><strong>ubi</strong></span> <span class='ocrx_word' id='word_1_285' title='bbox 283 3797 383 3863; x_wconf 87' lang='lat' dir='ltr'><strong>codex</strong></span> <span class='ocrx_word' id='word_1_286' title='bbox 413 3816 432 3862; x_wconf 87' lang='lat' dir='ltr'><strong>a</strong></span> <span class='ocrx_word' id='word_1_287' title='bbox 459 3801 547 3863; x_wconf 86' lang='lat' dir='ltr'><strong>textu</strong></span> <span class='ocrx_word' id='word_1_288' title='bbox 574 3801 655 3865; x_wconf 91' lang='lat' dir='ltr'><strong>edito</strong></span> <span class='ocrx_word' id='word_1_289' title='bbox 684 3799 839 3880; x_wconf 86' lang='lat' dir='ltr'><strong>discedat,</strong></span> <span class='ocrx_word' id='word_1_290' title='bbox 877 3818 998 3880; x_wconf 90' lang='lat' dir='ltr'><strong>semper</strong></span> <span class='ocrx_word' id='word_1_291' title='bbox 1025 3803 1092 3864; x_wconf 88' lang='lat' dir='ltr'><strong>iere</strong></span> <span class='ocrx_word' id='word_1_292' title='bbox 1114 3801 1190 3866; x_wconf 87' lang='lat' dir='ltr'><strong>iacit</strong></span> <span class='ocrx_word' id='word_1_293' title='bbox 1211 3819 1277 3864; x_wconf 92' lang='lat' dir='ltr'><strong>cum</strong></span> <span class='ocrx_word' id='word_1_294' title='bbox 1296 3803 1386 3864; x_wconf 88' lang='lat' dir='ltr'><strong>textu</strong></span> 
     </span>
    </p>
   </div>
   <div class='ocr_carea' id='block_1_9' title="bbox 201 4069 1386 4393">
    <p class='ocr_par' dir='ltr' id='par_1_9' title="bbox 201 4069 1386 4393">
     <span class='ocr_line' id='line_1_35' title="bbox 307 4069 1385 4152; baseline 0.006 -19"><span class='ocrx_word' id='word_1_295' title='bbox 307 4078 339 4145; x_wconf 89' lang='lat'><strong>1)</strong></span> <span class='ocrx_word' id='word_1_296' title='bbox 356 4076 447 4132; x_wconf 77' lang='lat' dir='ltr'><strong>Codex</strong></span> <span class='ocrx_word' id='word_1_297' title='bbox 462 4075 712 4152; x_wconf 76' lang='lat' dir='ltr'><strong>Gnelpherhptanns</strong></span> <span class='ocrx_word' id='word_1_298' title='bbox 737 4082 786 4135; x_wconf 90' lang='lat' dir='ltr'><strong>init</strong></span> <span class='ocrx_word' id='word_1_299' title='bbox 803 4079 998 4148; x_wconf 84' lang='lat' dir='ltr'><strong>looohitarum‚</strong></span> <span class='ocrx_word' id='word_1_300' title='bbox 1023 4095 1109 4152; x_wconf 91' lang='lat' dir='ltr'><strong>prope</strong></span> <span class='ocrx_word' id='word_1_301' title='bbox 1128 4081 1287 4138; x_wconf 83' lang='lat' dir='ltr'><strong>Damascum</strong></span> <span class='ocrx_word' id='word_1_302' title='bbox 1309 4069 1385 4141; x_wconf 68' lang='lat' dir='ltr'><strong>vcaeo.</strong></span> 
     </span>
     <span class='ocr_line' id='line_1_36' title="bbox 201 4159 1386 4239; baseline 0.007 -23"><span class='ocrx_word' id='word_1_303' title='bbox 201 4159 259 4216; x_wconf 88' lang='lat' dir='ltr'><strong>llll.</strong></span> <span class='ocrx_word' id='word_1_304' title='bbox 284 4167 419 4219; x_wconf 84' lang='lat' dir='ltr'><strong>exaratus.</strong></span> <span class='ocrx_word' id='word_1_305' title='bbox 454 4161 504 4219; x_wconf 95' lang='lat' dir='ltr'><strong>lllo</strong></span> <span class='ocrx_word' id='word_1_306' title='bbox 528 4171 648 4236; x_wconf 91' lang='lat' dir='ltr'><strong>tempore</strong></span> <span class='ocrx_word' id='word_1_307' title='bbox 671 4169 762 4220; x_wconf 80' lang='lat' dir='ltr'><strong>versio</strong></span> <span class='ocrx_word' id='word_1_308' title='bbox 781 4164 974 4222; x_wconf 82' lang='lat' dir='ltr'><strong>Philoxeniana</strong></span> <span class='ocrx_word' id='word_1_309' title='bbox 998 4169 1052 4220; x_wconf 82' lang='lat' dir='ltr'><strong>ianr</strong></span> <span class='ocrx_word' id='word_1_310' title='bbox 1077 4167 1167 4222; x_wconf 85' lang='lat' dir='ltr'><strong>multis</strong></span> <span class='ocrx_word' id='word_1_311' title='bbox 1190 4169 1307 4239; x_wconf 81' lang='lat' dir='ltr'><strong>probata</strong></span> <span class='ocrx_word' id='word_1_312' title='bbox 1324 4176 1386 4224; x_wconf 87' lang='lat' dir='ltr'><strong>erat</strong></span> 
     </span>
     <span class='ocr_line' id='line_1_37' title="bbox 201 4247 1386 4326; baseline 0.009 -28"><span class='ocrx_word' id='word_1_313' title='bbox 201 4249 280 4314; x_wconf 81' lang='lat' dir='ltr'><strong>atquc</strong></span> <span class='ocrx_word' id='word_1_314' title='bbox 306 4261 339 4301; x_wconf 86' lang='lat' dir='ltr'><strong>ex</strong></span> <span class='ocrx_word' id='word_1_315' title='bbox 362 4247 409 4303; x_wconf 97' lang='lat' dir='ltr'><strong>illo</strong></span> <span class='ocrx_word' id='word_1_316' title='bbox 435 4253 555 4320; x_wconf 85' lang='lat' dir='ltr'><strong>tempore</strong></span> <span class='ocrx_word' id='word_1_317' title='bbox 574 4249 793 4304; x_wconf 83' lang='lat' dir='ltr'><strong>animadvertitur</strong></span> <span class='ocrx_word' id='word_1_318' title='bbox 811 4249 990 4308; x_wconf 83' lang='lat' dir='ltr'><strong>laoohitarum</strong></span> <span class='ocrx_word' id='word_1_319' title='bbox 1008 4251 1138 4321; x_wconf 86' lang='lat' dir='ltr'><strong>studium,</strong></span> <span class='ocrx_word' id='word_1_320' title='bbox 1157 4257 1258 4308; x_wconf 85' lang='lat' dir='ltr'><strong>textum</strong></span> <span class='ocrx_word' id='word_1_321' title='bbox 1275 4252 1386 4326; x_wconf 89' lang='lat' dir='ltr'><strong>Simpli-</strong></span> 
     </span>
     <span class='ocr_line' id='line_1_38' title="bbox 201 4331 934 4393; baseline 0.015 -11"><span class='ocrx_word' id='word_1_322' title='bbox 201 4331 240 4384; x_wconf 85' lang='lat' dir='ltr'><strong>cis</strong></span> <span class='ocrx_word' id='word_1_323' title='bbox 258 4331 442 4386; x_wconf 78' lang='lat' dir='ltr'><strong>conformandi</strong></span> <span class='ocrx_word' id='word_1_324' title='bbox 460 4343 518 4387; x_wconf 84' lang='lat' dir='ltr'><strong>cam</strong></span> <span class='ocrx_word' id='word_1_325' title='bbox 535 4338 608 4388; x_wconf 85' lang='lat' dir='ltr'><strong>tortu</strong></span> <span class='ocrx_word' id='word_1_326' title='bbox 627 4331 739 4389; x_wconf 82' lang='lat' dir='ltr'><strong>Graeco.</strong></span> <span class='ocrx_word' id='word_1_327' title='bbox 775 4335 835 4392; x_wconf 84' lang='lat' dir='ltr'><strong>vid.</strong></span> <span class='ocrx_word' id='word_1_328' title='bbox 854 4337 934 4393; x_wconf 86' lang='lat' dir='ltr'><strong>inira.</strong></span> 
     </span>
    </p>
   </div>
   <div class='ocr_carea' id='block_1_10' title="bbox 0 0 1512 5008">
    <p class='ocr_par' dir='ltr' id='par_1_10' title="bbox 0 0 1512 5008">
     <span class='ocr_line' id='line_1_39' title="bbox 0 0 1512 5008; baseline 0 0"><span class='ocrx_word' id='word_1_329' title='bbox 0 0 1512 5008; x_wconf 95' lang='lat' dir='ltr'><strong> </strong></span> 
     </span>
    </p>
   </div>
  </div>
 </body>
</html>
