2956 5004
1199 279 1262 348 291

75 441 227 512 orationis
256 459 368 523 corpus
396 443 561 506 conveniat
591 461 655 508 cum
687 462 724 506 ea
748 443 942 528 Graecitate,
972 451 1103 532 quaein
1124 452 1261 532 proiams

32 569 35 573 ·
72 543 280 624 scriptoribus
318 545 459 608 occurrit.
511 545 559 608 Ne
593 565 670 610 vero
704 550 868 610 metuamus
899 549 937 610 ab
966 567 1069 612 eorum
1102 553 1259 636 cedviciis,

72 647 127 738 qui
155 647 337 728 impuritatis
366 651 466 712 notam
498 647 609 712 litteris
631 649 752 714 Divinis
784 650 858 712 inuri
886 655 1010 733 putant,
1043 653 1071 716 si
1098 654 1187 717 stilus
1216 655 1256 719 N.

71 748 113 810 T.
135 764 218 811 merc
237 749 377 835 Graecus
398 769 470 812 esse
488 756 621 831 negetur
637 750 676 836 ¹).
720 752 803 816 Sane
822 753 848 814 si
869 772 924 834 pro
941 751 1136 818 barbarismis
1151 763 1257 826 essent

71 853 173 914 ornnia
195 851 350 934 habenda,
382 855 524 938 quidquid
549 876 567 918 a
592 856 702 920 Graeci
724 856 871 918 sermonis
890 857 1106 936 consuetudine
1127 859 1256 924 alienum

71 959 142 1032 est,
184 955 211 1014 si
246 939 414 1037 scriptdrcs
447 957 556 1021 Graeci
593 959 651 1020 soli
681 962 785 1020 essent
814 964 954 1040 tanquam
983 975 1089 1035 aerata
1115 960 1256 1029 dictionis

69 1047 241 1136 sequendi,
278 1059 304 1120 si
331 1059 458 1122 casola
485 1059 630 1142 humana,
657 1061 770 1143 polita,
803 1061 965 1140 eleganter
985 1060 1255 1146 etheree-scripta

69 1153 238 1248 habetatur,
270 1178 361 1240 quae,
378 1157 458 1242 a'pud
483 1163 621 1228 Graecos
642 1165 850 1244 reperiuntur,
878 1165 994 1246 pudore
1007 1155 1144 1242 potandi
1165 1167 1253 1230 nobis

70 1259 229 1340 videmur,
265 1263 345 1344 quod
376 1275 404 1328 a·
424 1265 554 1329 barbara
583 1269 697 1345 geute,
735 1267 764 1328 in
791 1266 921 1330 barbaro
952 1265 1160 1340 llehraeorirm
1180 1288 1253 1332 ser-

69 1378 178 1441 mone,
214 1365 418 1446 seariharbaro
440 1369 478 1430 N.
501 1367 541 1429 T.
568 1368 646 1438 stilo,
662 1368 731 1430 bdei
753 1371 879 1440 nostrae
903 1351 1056 1432 historiam
1080 1372 1111 1432 et
1134 1371 1251 1434 dochi-

67 1469 139 1526 anm'
169 1465 310 1528 traditam
332 1472 516 1552 accepimus.
561 1471 625 1532 Sed
643 1472 740 1532 etiam
765 1473 857 1540 tum·
849 1473 904 1551 ris,
931 1472 982 1553 qui
1002 1470 1142 1536 Graecos
1165 1474 1250 1538 solos

68 1565 241 1629 laudandos
272 1587 343 1632 csse
372 1577 497 1653 putent,
519 1590 567 1634 ex
599 1573 742 1638 Graecis
751 1574 951 1655 scriptoribus
978 1571 1102 1654 probari
1134 1575 1250 1672 potest,
1331 1630 1334 1638 .

66 1669 241 1733 locutiones
270 1671 488 1753 Apostolorum
526 1693 624 1756 ncqprc
652 1695 678 1738 a
710 1675 830 1738 (iraeeo
866 1675 991 1754 ingenio
1023 1657 1165 1738 uiienas
1145 1694 1249 1780 esse,
1327 1703 1336 1752 ·,

66 1773 198 1853 reperiri
237 1776 339 1853 potius
373 1779 525 1840 easdern.
537 1777 616 1859 apud
648 1779 779 1859 optimae
811 1777 902 1840 notae
930 1777 1115 1884 scriptores,
1138 1773 1250 1861 neque

66 1876 195 1953 linguae
219 1867 498 1962 g'rarumaticaeque
523 1880 663 1944 Graecae
686 1881 777 1959 leges
801 1880 932 1942 violatas
951 1897 1022 1962 csse
1045 1880 1083 1942 ab
1104 1879 1248 1962 Aposto-

66 1979 120 2040 lis.
163 1978 279 2040 Tauren
311 1980 449 2050 dictionis
478 2003 552 2045 suec
581 1985 712 2048 colerem
735 2001 794 2045 uon
816 1986 875 2044 tam
898 1971 1247 2064 ex'Graeeisscriptu-

66 2082 154 2144 ribus
175 2084 345 2156 surnserupt
365 2088 507 2146 auctores
522 2087 736 2167 ·sacri„quaoi
758 2101 800 2146 ex
822 2083 861 2145 V.
883 2081 926 2144 T.
946 2083 978 2144 et
993 2082 1111 2162 tinguis
1135 2085 1255 2158 Orien-¹

69 2184 210 2252 talibus·
239 2183 343 2272 Atque
373 2187 424 2268 qui
455 2189 551 2274 ppimo
577 2187 732 2250 oculorum
756 2187 871 2248 obtutu
886 2183 1063 2256 barbarismi
1086 2189 1118 2259 et
1139 2187 1247 2250 soloe-

66 2287 164 2350 cismi:
184 2287 338 2366 videntur,
375 2290 401 2350 sl
428 2287 578 2370 originem
610 2308 780 2372 causasque
809 2287 970 2350 interiores
991 2273 1278 2372 investigaveris,'

64 2391 175 2453 insitas
200 2389 313 2452 babent
337 2389 487 2461 scintillas
517 2392 660 2474 quasdem
684 2392 878 2458 veritatiset
901 2389 1077 2467 elegantia'e
1099 2395 1131 2454 et
1150 2410 1245 2455 accu-

64 2493 247 2554 ratissimam
268 2509 365 2552 rcrum
391 2495 638 2574 competentiam,
669 2512 761 2574 porro
785 2493 951 2570 imagines,
981 2491 1141 2572 tropos‘ct
1166 2493 1244 2574 rhy-

65 2593 163 2656 thmos
188 2597 370 2675 sequuntur,
394 2597 444 2678 qui
468 2596 630 2676 splendida
650 2595 793 2672 orationis
815 2595 986 2655 ornamenta
1006 2591 1114 2654 rnerit'o
1128 2594 1244 2657 ‘dicun-

66 2699 126 2759 tur
178 2696 319 2758 Subsidia
350 2697 444 2774 igitur
466 2697 566 2760 adN
590 2698 632 2759 T.
660 2682 938 2778 interpretationem
961 2691 1106 2756 hahemus
1131 2699 1243 2760 certis·
1322 2757 1323 2762 ,

65 2799 158 2859 sima:
187 2797 224 2858 V.
248 2797 286 2858 Τ.
309 2801 423 2859 textum
450 2800 663 2882 Hebraeum,
671 2801 838 2862 veisioncm
867 2787 1117 2878 Alexandrinam,
1149 2819 1242 2881 pprro

65 2893 322 2982 Targumistas²j
358 2905 389 2960 et
428 2904 599 2982 versionem
634 2877 803 2981 Syriacam.
857 2885 1047 2959 observetur
1068 2901 1179 2978 igitur
1214 2901 1243 2964 in

61 3051 271 3062 Μ’..

170 3153 396 3224 1)Lactantius‚
430 3161 489 3212 inst.
517 3157 569 3212 div
596 3126 627 3212 V.
647 3173 668 3212 e.
688 3153 725 3210 l.:
751 3152 874 3219 „llaec
867 3155 1014 3223 imprimis
1014 3168 1097 3208 eausa
1114 3161 1170 3221 est,
1196 3169 1244 3222 cur

66 3239 137 3312 apud
154 3241 290 3308 sapientes
309 3247 336 3295 et
353 3241 447 3296 doctos
466 3248 492 3312 et
510 3245 643 3314 principes
663 3239 741 3294 huius
760 3239 861 3292 saeculi
874 3237 1014 3319 Scriptura
1032 3238 1059 3294 S.
1076 3224 1127 3295 fide
1142 3246 1243 3314 careat,

66 3323 137 3396 quod
161 3321 312 3394 Prophetae
335 3327 450 3396 simplici
473 3303 508 3381 ab
524 3328 654 3381 communi
674 3337 797 3379 sermone
816 3329 844 3378 ut
862 3323 896 3378 ad
914 3308 1055 3394 populum,
1058 3327 1111 3378 sint
1129 3325 1242 3384 loeutif‘

65 3405 99 3460 lit
121 3409 202 3476 paulo
227 3409 314 3463 intra:
342 3409 452 3476 „Nemo
478 3426 532 3464 reru
559 3411 674 3466 veritate
692 3407 825 3484 ponderat
842 3408 890 3462 scd
909 3415 1015 3464 ornatu.
1050 3409 1111 3463 Non
1131 3409 1244 3463 eredunt

65 3507 132 3560 ergo
157 3492 255 3546 divinis
285 3497 349 3564 quia
372 3495 432 3550 luco
453 3500 584 3568 ¹carent.“
609 3530 644 3540 -
686 3492 763 3548 Philo
788 3495 949 3562 interpretes
973 3493 1048 3547 LXX
1072 3495 1242 3561 excogitasse

66 3575 129 3630 dicit
154 3575 329 3645 συντρέχοντα
347 3581 403 3638 reis
420 3578 563 3652 πράγμασι
580 3581 616 3636 roi
633 3573 776 3647 deripuere,
801 3577 897 3649 quibus
912 3574 1073 3645 s'prparrarr'r's
1088 3578 1142 3630 vim
1160 3573 1241 3630 Hehr.

64 3675 159 3715 vocum
188 3662 375 3728 exprimerent.
419 3663 514 3720 Stilunr
543 3665 678 3720 idioticam
704 3661 832 3718 describit
850 3659 1009 3714 Aristoteles
1027 3664 1089 3728 arpi
1105 3677 1199 3727 ποιητ.
1217 3672 1240 3714 c.

64 3743 98 3800 ll.
126 3746 219 3811 utpote
244 3747 289 3813 qui
311 3745 341 3800 ἐκ
360 3747 531 3818 adsumptos
548 3747 693 3818 ὀνομάτων
710 3761 742 3800 ao
759 3744 855 3820 uerbis,
868 3751 918 3797 nso
937 3743 1067 3796 communi
1080 3745 1156 3809 tritis
1172 3757 1240 3802 con·

63 3834 123 3883 stet.
159 3825 304 3898 Dionysius
322 3831 457 3886 Halicarn
482 3839 544 3902 περὶ
567 3828 616 3912 τιὸ
632 3825 827 3898 Appeaemoie
849 3825 1002 3895 deerimus
1025 3829 1084 3896 agit
1110 3830 1189 3882 eiiam
1208 3826 1241 3882 tie

63 3911 227 3967 characteris
243 3911 351 3983 Lysiaci
371 3920 555 3988 simplicitate,
577 3917 621 3987 qui
639 3913 674 3968 roi
692 3911 772 3976 sorori
791 3903 872 3965 aal'
858 3932 888 3970 so
900 3913 974 3981 ptem
991 3909 1131 3981 aetpaoef
1107 3911 1240 3982 στόματι

61 3996 114 4068 τήν
134 4018 165 4054 τε
188 3997 318 4054 eosdem
341 3999 392 4069 τήν
414 3997 474 4056 ide
441 4022 561 4072 ιιιτην
549 4005 656 4056 secutus
679 4001 724 4052 sii.
766 3989 935 4084 Simplicitas
951 3999 1082 4052 sermonis
1106 3998 1200 4052 biblici
1224 4011 1241 4050 a

60 4083 192 4139 Boeclaro
218 4083 357 4158 definitur:
389 4089 533 4158 conspicua
559 4088 715 4148 sinceritas,
748 4085 840 4136 innata
868 4068 1025 4154 minimaque
1051 4075 1177 4136 aiieetata
1198 4082 1240 4134 vis

61 4175 88 4222 et
105 4167 273 4224 admirabilis
291 4175 477 4241 competentia.
536 4171 542 4188 ‘

165 4267 195 4336 1)
221 4267 336 4338 Scripsit
360 4270 464 4326 Theod.
491 4269 676 4340 llaclrspanius
701 4267 734 4322 de
760 4265 1044 4338 ususeript.lud.1u
1066 4260 1239 4332 expllihro-

59 4368 119 4406 rum
143 4351 175 4407 N.
202 4353 234 4406 T.
253 4382 287 4394 -
322 4353 496 4426 Lightiootus
520 4361 546 4408 et
564 4354 768 4424 Schoettgenius
794 4369 871 4423 quam
891 4352 973 4406 multa
990 4349 1137 4404 attulerunt
1154 4345 1188 4400 ad
1206 4348 1240 4400 il-

911 4437 987 4500 19*
