2974 5012
187 223 232 290 56
334 268 336 274 .

194 399 283 460 antea
312 391 392 477 apud
413 392 552 458 Ersaeos
585 395 617 452 et
640 391 789 452 Eremltas
818 391 896 454 satis
924 390 1094 470 vulgares,
1115 425 1159 434 -—
1185 392 1214 452 ln
1248 389 1387 454 ecclesia

193 500 382 582 potissimum
403 496 534 576 Syriaca
559 493 736 558 laudatores
760 494 961 575 fautoresque
982 494 1064 556 nacti
1086 497 1172 572 sunt,
1185 497 1229 584 ‚at
1251 501 1387 576 quantus

196 602 237 664 ihi
266 599 403 676 martyrii
430 596 649 674 iuror·luerit,
679 613 721 656 ex
741 595 864 676 Eusebii
884 595 962 658 libra
985 595 1036 673 (de
1058 597 1242 674 martyribus
1267 596 1386 660 Palae-

197 697 312 782 stinae)
331 699 448 761 abunde
472 699 679 776 cognoscitur.
791 711 796 720 '

300 853 352 914 Ex
382 849 477 932 Syria
494 847 691 936 ¹occidentali
719 847 795 920 liae'c
826 852 923 912 omnia
950 853 980 912 in
1010 851 1247 912 orientalem
1279 857 1387 916 trans-

205 957 425 1034 migraverunt.
450 954 538 1016 'Nam
554 943 698 1046 episcopo
708 951 905 1014 Antiochensi
920 955 1003 1016 totus
1016 951 1125 1015 Oriens
1139 946 1294 1042 subiectus
1308 960 1388 1018 erat.

201 1057 433 1138 Praemittamns
452 1059 550 1118 autem
571 1056 676 1116 iterum
699 1055 825 1134 brevem
847 1055 979 1116 civilium
1001 1073 1100 1117 rerum
1118 1055 1147 1116 in
1164 1049 1389 1138 Mesopotamia

203 1163 416 1242 conspectum,
455 1160 619 1240 pleniorem
650 1159 810 1218 tractatum
839 1155 1011 1220 historicum
1041 1156 1109 1218 huic
1140 1158 1217 1220 libro
1241 1163 1390 1222 annexuri

205 1259 222 1336 t
223 1263 285 1324 vid.
307 1257 504 1343 Excursum).
549 1259 598 1320 Ex
620 1245 805 1339 Vespasiani
827 1260 1013 1340 temporibus
1037 1260 1156 1320 Edessa
1179 1265 1213 1323 et
1235 1261 1389 1344 ltiesopo-

207 1365 316 1426 tamiae
342 1383 415 1446 pars
442 1364 535 1424 maior
556 1363 700 1424 Romanis
730 1349 754 1422 a'
775 1361 902 1438 reffl'bus
927 1361 1089 1424 Armeniae
1120 1381 1285 1441 concessa,
1316 1363 1390 1444 Ab·

208 1469 294 1553 garis
314 1469 454 1550 tamqnam
473 1465 675 1525 Romanorum
701 1463 833 1548 satrapis
857 1465 986 1544 parebat
1011 1468 1043 1525 et
1068 1465 1234 1543 vectigalia
1256 1455 1392 1540 Orientis

209 1567 336 1632 Caesari
363 1568 533 1645 congessit.
582 1565 647 1627 Sed
677 1566 842 1652 miserrima
871 1564 941 1626 inde'
969 1585 1037 1628 sors
1060 1565 1300 1648 Mesopotamiae
1320 1569 1395 1647 luit,

209 1672 325 1760 quippe
348 1687 426 1752 quae
444 1668 643 1729 Romanorum
660 1655 899 1760 Parthorumque
921 1669 1006 1748 quasi
1029 1687 1121 1729 arena
1145 1673 1179 1732 et
1199 1670 1310 1750 praeda
1334 1671 1393 1730 vi·
1472 1685 1475 1709 l

211 1759 345 1834 deretur.
386 1771 479 1832 Anno
510 1768 572 1832 115
602 1769 699 1848 [Pagi
730 1766 872 1844 Criticam
904 1767 1034 1852 sequor)
1062 1769 1213 1832 Traianus
1243 1771 1394 1834 Edessam

212 1875 317 1953 venit,
352 1872 566 1950 ab'Abgar03
598 1872 650 1953 qui
670 1869 861 1933 Antiochiam
884 1871 940 1944 iarn
963 1857 1084 1933 munera
1105 1873 1228 1962 miserat
1252 1871 1393 1954 Caesari,
1474 1856 1475 1899 ³

212 1975 295 2037 laute
317 1978 487 2056 exceptus3
516 1975 649 2036 Traiano
672 1973 767 2052 ipsam
790 1970 968 2038 Parthorum
990 1975 1107 2052 regiam
1129 1976 1254 2054 petente
1276 1975 1395 2070 Abga-
1474 2052 1475 2082 1

214 2077 297 2157 ium,
333 2079 383 2160 qui
412 2077 503 2158 paulo
532 2080 611 2158 pust
627 2073 666 2136 ad
688 2073 818 2136 Parthos
844 2073 1017 2151 deiecerat,
1049 2071 1249 2152 bucias'dux
1271 2078 1397 2142 'l'raiani

214 2180 336 2260 Edessa
352 2183 546 2266 expugnata
578 2177 714 2276 coercuit
745 2177 776 2236 et
804 2176 833 2235 in
857 2174 997 2237 ditionem
1019 2179 1143 2260 redegit
1161 2177 1199 2262 ¹).
1242 2175 1397 2262 Mesopo-

216 2281 323 2358 tamia,
354 2280 506 2344 Armenia
544 2284 576 2343 et
603 2277 738 2357 Assyria
772 2279 950 2358 provinciae
984 2281 1100 2361 imperii
1128 2281 1255 2344 Romani
1285 2285 1399 2364 iactae,
1473 2314 1474 2332 .

216 2403 287 2444 mox
311 2387 429 2460 ,tamen
464 2385 501 2446 ab
521 2381 685 2456 Hadriano
718 2379 857 2442 abiectae
896 2367 928 2442 eh
953 2383 1107 2463 repulsae.
1156 2383 1330 2448 Palaestina
1362 2405 1398 2446 eo
1468 2424 1471 2433 ι

217 2487 354 2564 tempore
387 2489 422 2548 et
448 2467 559 2564 Syria,
594 2483 671 2562 adeo
701 2485 785 2545 tritus
811 2483 877 2544 iere
903 2481 1011 2545 Oriens
1036 2485 1118 2548 bello
1140 2487 1201 2548 liar
1226 2486 1400 2568 Cochebae,

210 2587 363 2662 ¹acerrimo
402 2586 457 2666 illo
494 2591 527 2648 et
563 2586 678 2646 furioso
709 2585 867 2658 turbatae;
903 2583 1007 2678 ludaei
1035 2587 1256 2668 Hierosolymis
1288 2591 1400 2650 cedere
1474 2619 1475 2679 p

218 2689 312 2767 iussi,
348 2687 467 2768 plurimi
494 2689 524 2748 in
555 2687 766 2768 'captivitatem
790 2685 922 2747 abducti.
964 2689 1102 2756 Edessae
1125 2691 1235 2752 civiles
1257 2691 1402 2754 tumultus

220 2791 297 2856 inter
317 2786 479 2868 Abgarum
504 2791 562 2854 orti
586 2794 617 2850 et
637 2787 745 2866 Valem
767 2785 876 2848 Sahari
897 2787 1006 2876 filium5
1028 2775 1306 2871 opa'ltonanorum
1332 2795 1403 2855 Ab·
1473 2739 1475 2873 A

222 2910 320 2971 garns
349 2895 520 2956 restitutus.
540 2881 546 2896 '
565 2889 659 2956 Cuius
682 2889 804 2968 Abgari
829 2888 924 2970 iilius,
957 2893 1007 2972 qui
1035 2893 1072 2953 ab
1095 2913 1172 2956 anno
1197 2893 1258 2956 152
1283 2895 1404 2958 ad‘an-

220 3013 288 3056 num
319 2992 381 3056 187
407 2997 574 3074 regnarit,
610 2995 723 3076 primus
752 2993 782 3053 in
804 2993 928 3052 nummis
951 2990 1059 3056 Orucis
1084 2996 1206 3074 signum
1224 2999 1345 3078 accepit
1361 2993 1406 3080 ²),

115 3165 118 3181 β
225 3094 261 3154 ab
291 3081 460 3174 Epiphahio
492 3093 703 3182 [haemmi]
726 3095 775 3156 vir
798 3095 1007 3168 sanctissimus
1030 3097 1221 3178 appellatus,
1255 3099 1302 3160 oui
1323 3099 1406 3160 Bar-

224 3195 354 3264 desanes
379 3196 540 3258 familiaris
553 3203 627 3259 erat.

306 3345 451 3437 'Parthis
478 3348 532 3411 illo
561 3352 702 3430 tempore
729 3349 893 3430 imperavit
907 3347 1117 3430 Vologeses,
1154 3353 1316 3415 acerrimus
1337 3353 1408 3414 lic-

230 3531 432 3542 ·--·--*
1473 3453 1475 3608 l

327 3639 361 3718 l)
388 3649 438 3702 Dio
466 3648 494 3703 C.
515 3649 640 3716 „Lucius
666 3653 834 3722 recuperarit
851 3649 972 3716 Nisibin3
990 3647 1117 3704 Edessam
1136 3656 1298 3722 expugnarit
1319 3653 1413 3724 direp—
1474 3647 1475 3696 l

226 3715 497 3803 tamque‘inoendit.ss
524 3734 549 3816 ,⁵
598 3777 608 3798 ,
945 3745 949 3752 ·
1077 3733 1082 3742 ’
1196 3795 1202 3804 ,
1474 3713 1475 3764 A

332 3833 364 3898 2)
380 3825 428 3885 ‘Ol
452 3831 556 3900 boyer,
586 3831 649 3900 laist.
671 3829 810 3889 Edess‘l.
832 3831 873 3886 lll
892 3849 919 3902 p.
939 3839 1014 3897 173.‚
1042 3831 1144 3888 Assem.
1163 3834 1175 3888 l
1195 3853 1220 3906 p.
1237 3838 1299 3892 423.
1335 3836 1415 3891 Anno
1474 3891 1475 3896 ,

228 3921 296 3979 282,
330 3930 408 3984 quum
433 3929 532 3985 magna
544 3913 667 3970 Edessae
693 3917 832 3971 inundatio
852 3922 939 3981 esset,
964 3930 1094 3986 aquarum
1111 3921 1262 3988 impellente
1280 3921 1414 3988 procella,

229 4016 354 4084 templum
368 4004 475 4086 quoque
489 4017 618 4071 eeclesiae
633 4015 845 4070 Christianorum
864 3989 1094 4113 (Μωρξ
1121 4003 1220 4103 1259
1246 3995 1415 4118 11:201)

231 4115 398 4181 concidisse,
424 4117 531 4171 Notarii
549 4117 624 4172 urhis
643 4119 741 4172 litteris
759 4115 927 4170 mandarunt.
963 4115 1070 4173 Notarii
1087 4121 1128 4175 illi
1141 4107 1200 4178 'non
1219 4123 1302 4190 luisse
1320 4125 1416 4202 uiden·
1474 4164 1475 4190 1

232 4201 277 4250 tur
305 4197 466 4268 Christiani2
493 4203 577 4256 luisse
603 4207 690 4254 autem
718 4215 810 4276 regan}
826 4201 962 4278 Abgarum
980 4201 1028 4255 illo
1047 4208 1168 4275 tempore
1186 4206 1304 4263 Edessae
1331 4211 1417 4278 impe-

235 4287 357 4350 rantem,
375 4301 414 4338 ex
431 4285 558 4346 Africano
580 4283 712 4340 Eusebius
728 4283 813 4339 tradit
830 4289 859 4340 in
874 4286 1020 4344 Ohronieo.
1051 4281 1057 4292 “
1154 4347 1156 4351 ,
