2974 5012
205 869 210 878 ¹
284 920 287 928 ·
410 903 589 986 Liber
616 879 974 1004 secundum·

106 1102 162 1192 bo
187 1101 366 1210 tuorum
393 1103 549 1204 coelen
576 1108 618 1196 et
645 1104 827 1199 tentonia
856 1091 1032 1230 lintion
1061 1107 1215 1232 ungue

558 1365 767 1382 u——v-vq——a

459 1533 468 1555 ι
588 1591 781 1672 (tuni.

177 1736 398 1806 Ecclesiae
423 1737 716 1808 Christianae
706 1761 745 1808 ιιι
766 1741 890 1829 Syria
910 1741 1148 1854 primordia

168 1894 325 1958 Primitiae
350 1895 500 1960 ecclcsiae
522 1894 673 1976 Syriacae
701 1855 849 1967 hahentur
877 1898 980 1978 culgo
1011 1885 1100 1978 Magi
1126 1898 1170 1962 illi
1190 1892 1252 1964 olco

65 1991 223 2064 ἀνατολῶν
253 1995 410 2074 advenae,
438 1997 490 2080 qul
514 1997 611 2061 lesum
632 2001 823 2082 απᾳργάιοις
840 1999 1007 2062 involutoin
1036 1995 1253 2068 adoraverunt.

66 2089 151 2158 Sane
180 2099 230 2178 qui
262 2097 359 2174 vulgo
388 2097 478 2176 biugi
510 2099 703 2178 dicebantur,
737 2103 847 2172 terram
868 2099 1068 2180 Babyloniam
1093 2101 1125 2160 et
1141 2100 1252 2162 Persi-

66 2200 132 2260 deuu
161 2197 348 2260 incolebant.
398 2197 560 2278 Magorum
590 2191 705 2264 s'ec'tam
734 2203 811 2264 satir
839 2193 1027 2278 numerosam
1051 2199 1251 2282 ctesiphonte

66 2301 181 2379 fuisse,
213 2318 256 2360 ex
277 2299 346 2361 loco
364 2299 458 2361 iliaris
473 2301 644 2364 Salomonis
666 2309 795 2386 apparet
816 2303 854 2365 cle
874 2303 969 2368 iliaris
993 2302 1136 2388 Apostoli
1156 2305 1252 2386 prima

65 2399 235 2477 Evangelii
265 2401 491 2481 praedicatione
520 2404 599 2486 aptul
621 2402 744 2466 Assem.
769 2406 808 2466 Β.
832 2405 868 2468 0.
891 2405 952 2488 ΙΙΙ,
984 2407 1021 2488 2,
1049 2424 1129 2490 pag.
1150 2404 1192 2476 22
1209 2403 1250 2490 l).
1384 2403 1388 2410 ’

140 2501 255 2566 ‘Petri
287 2504 415 2566 orationi
445 2505 647 2592 pentecostall
679 2503 769 2588 [Act.
799 2504 856 2590 ll.)
885 2508 1045 2572 adsuerunt
1068 2506 1249 2596 proselytae

67 2623 107 2668 ex
138 2605 427 2686 Mesopotamiaet
454 2607 582 2668 Perside
604 2603 817 2690 Hierosolyma
841 2607 981 2688 adrecti,
996 2609 1063 2691 *qul
1082 2607 1249 2692 evangeli-

65 2727 130 2769 cam
154 2707 411 2788 praedicationem
436 2710 554 2790 patriae
572 2709 772 2797 proculdubio
787 2709 964 2773 attulerunt.
1008 2709 1169 2798 Damasci,
1190 2729 1249 2774 ou-

65 2810 113 2871 ius
143 2808 228 2873 urhis
256 2809 396 2870 mulieres
428 2811 493 2870 lere
522 2827 625 2888 cmpos
648 2809 798 2882 ludaismo
823 2809 960 2879 addictas
982 2809 1078 2879 fuisse
1098 2807 1248 2890 Iosephus

64 2914 295 2990 commemorat,
318 2911 424 2990 paucis
446 2914 518 3002 post
532 2908 645 2973 Christi
668 2917 793 2975 mortem
816 2909 1038 2994 praeterlapsis
1060 2900 1250 2974 annis·mult¹

63 3010 243 3074 habitabant
270 3014 400 3090 iratres,
431 3029 472 3072 ex
504 3013 717 3092 persecutione
740 3009 1018 3089 Hierosolymitana
1039 3005 1174 3072 fortasse
1190 3007 1248 3070 iu·

64 3132 181 3192 gaces,
217 3111 324 3196 qulbus
349 3112 470 3175 vincula
488 3115 675 3196 mortemque
696 3111 808 3176 Saulus
829 3109 968 3192 parabat.
1010 3109 1075 3174 Sed
1097 3107 1226 3170 ultro
1199 3129 1247 3172 cr-

65 3219 177 3296 troque
197 3213 256 3275 iam
276 3215 436 3294 progressi
463 3212 569 3277 bdcles
592 3218 744 3277 venerunt
764 3231 859 3294 usque
884 3213 912 3274 iu
930 3213 1100 3278 Phoenicen
1123 3213 1156 3272 et
1177 3207 1248 3292 Cy-

66 3335 149 3395 prum
182 3317 216 3377 ct
250 3314 440 3378 Antiochiam
472 3315 562 3397 [Act.
594 3314 770 3398 xt‚19.;)
800 3313 980 3406 Antioohiae
1004 3318 1102 3378 aretem
1125 3314 1249 3394 primum

68 3417 195 3481 Graecis
225 3433 343 3500 quoque
366 3416 566 3494 Euangeliou
595 3417 808 3480 nuntiaverunt
835 3415 935 3504 ibique
953 3417 1124 3480 ecclesiam
1140 3413 1248 3491 condi·
1350 3477 1351 3484 ,

68 3521 191 3601 (lerunt,
230 3537 307 3600 quae
346 3537 423 3602 prae.
449 3520 560 3581 ceteris
592 3520 728 3596 gaudere
756 3511 912 3595 magistris
944 3522 975 3579 ct
1000 3517 1109 3600 augeri
1137 3515 1248 3596 coepit.

66 3621 233 3686 Antiochia
263 3620 371 3681 deinde
400 3620 523 3698 egressi
551 3624 621 3682 sunt
640 3619 754 3681 Paulus
777 3623 809 3682 et
827 3614 1001 3696 Barnabas,
1030 3615 1153 3677 iubente
1171 3615 1251 3694 spus

66 3726 124 3787 ritu
157 3724 197 3784 ab
233 3721 365 3788 ecclesia
397 3723 498 3802 crissi,
532 3720 570 3784 ab
592 3719 795 3799 Euangeliou
823 3720 852 3780 iu
876 3715 983 3798 Cypro
1001 3715 1098 3778 meula
1119 3718 1153 3780 ct
1171 3713 1249 3802 Asta,

64 3901 279 3915 ——-—-

173 4016 203 4084 1)
220 4013 252 4070 ln
270 4013 408 4072 condenda
427 4014 550 4072 Seleucia
569 4015 605 4072 acl
623 4015 727 4086 Tigrim
745 4017 799 4070 sita
814 4010 933 4082 aalma
949 4009 1062 4068 Seleuco
1082 4013 1169 4066 acciti.
1206 4008 1247 4066 ct.

65 4095 181 4167 Appiam.
207 4102 236 4154 in
258 4097 318 4170 Syr.
359 4098 400 4158 ct.
419 4097 528 4154 Hieron.
555 4103 583 4154 in
607 4100 758 4159 Danielem:
790 4095 894 4166 „Magi
915 4100 976 4150 suut
996 4091 1248 4170 philosophi,llhttl-

66 4180 198 4240 daeorum
223 4182 309 4238 etad
336 4187 404 4244 artis
430 4181 519 4242 buius.
533 4186 671 4242 scientiam
696 4199 776 4256 reges
799 4194 905 4258 qnoque
933 4185 960 4236 ct
977 4181 1112 4250 principes
1131 4176 1248 4234 eiusdem

66 4269 178 4336 generis
197 4269 288 4322 omnia
309 4266 424 4333 iaciunt;
449 4268 519 4324 unde
538 4275 566 4324 at
582 4272 610 4324 in
627 4269 768 4324 nativitato
780 4263 887 4325 Domini
899 4261 1049 4326 Salvatorls
1067 4263 1119 4332 ipsi
1136 4261 1249 4338 primum

66 4355 154 4405 ortum
173 4354 232 4408 etos
250 4343 467 4409 intellexeruut.‘'‘
503 4351 619 4410 Plinius:
645 4393 662 4420 ,‚
670 4350 748 4420 Magi
764 4345 950 4419 Passagardas
969 4347 1138 4426 obtineatis

945 4432 1130 4496 4*··
