3006 5004
235 295 298 362 252

235 487 293 532 naa
321 465 487 549 eodemque
515 465 680 530 reddantur
709 464 739 528 iu
768 463 904 548 Simplici
920 463 982 550 ¹].‹
1011 463 1115 530 Verba
1134 468 1314 550 composita
1339 481 1427 530 sex-

235 572 352 636 centies
388 570 444 632 uix
476 571 619 632 arcamte
650 567 750 630 reddi·
764 573 909 650 poterent
935 587 954 630 a
982 569 1084 651 Syro,
1122 572 1182 632 etsi
1210 590 1426 654 nonnunquam

235 675 353 738 ducllum
383 670 487 732 verbis
516 671 569 733 vel
591 670 761 742 Adverblls
784 675 817 750 et
836 671 1119 754 Praepositionibus
1143 673 1254 755 utitur,
1286 674 1337 735 nbi
1361 675 1425 736 lin-

236 793 319 856 guae
347 772 536 838 consuetudo
567 775 598 835 id
621 773 812 855 permiserit·
848 773 1015 855 participia
1034 772 1122 836 alteri
1142 774 1425 858 yernompposita

236 879 332 942 verbo
361 867 446 940 finito
478 876 608 938 reddere
637 875 739 955 solet,
770 877 812 938 ita
834 877 951 956 tnmcn',
985 879 1017 939 ut
1040 877 1150 960 nullpm
1175 879 1425 942 addntcouiun·

236 985 384 1053 ctionem
411 979 463 1040 uli
493 996 570 1040 vero
597 979 761 1058 Participia
789 978 876 1058 pluru
899 980 928 1040 iu
952 977 1072 1041 Graeco
1093 981 1200 1061 'posita
1222 983 1310 1061 sunt,
1332 983 1424 1042 strn-

105 1107 108 1116 ·
236 1088 351 1166 ciurana
378 1081 503 1144 solvere
532 1080 667 1158 cogitur.
710 1080 818 1164 Neque
848 1081 953 1144 modos
973 1087 1076 1164 neque
1099 1084 1245 1164 tempora·
1260 1083 1290 1144 ln
1312 1083 1424 1162 lingua

189 1227 195 1232 -
235 1189 346 1272 patria·
368 1169 510 1282 decorate
540 1183 650 1264 ultique
677 1182 807 1264 reddere
836 1185 969 1263 poterat.
1019 1183 1055 1246 Sl
1082 1185 1203 1266 quando
1233 1184 1423 1248 craecorum

237 1309 321 1360 more
343 1290 497 1351 structura
517 1285 731 1348 uocabulorum
753 1286 1012 1367 membrorumque
1032 1287 1177 1348 orationis
1199 1287 1425 1350 difficiliorest

128 1441 134 1446 .
237 1394 331 1457 seriis
352 1389 522 1471 sententiae
544 1389 682 1470 partibus
704 1389 855 1452 consertis
877 1390 910 1449 et
933 1387 1140 1468 complicatis,
1171 1391 1300 1452 maxima
1323 1391 1423 1451 oritur

235 1490 395 1574 interpreti
422 1490 506 1571 Syro
540 1490 702 1554 difficultas
740 1477 910 1552 denodandi
942 1493 974 1552 et
1004 1491 1147 1554 solvendi
1173 1489 1350 1570 ligumentux
1366 1494 1422 1568 ita,

237 1597 272 1662 ut
293 1614 352 1658 nou
372 1593 568 1681 perturbetur
591 1605 689 1654 rerum
710 1611 892 1682 connexus„
920 1592 986 1678 Qua
1008 1594 1039 1654 in
1057 1611 1091 1656 ro
1117 1595 1281 1674 quamlibet
1301 1611 1421 1677 saepe-

185 1746 188 1752 ,
237 1717 360 1766 numero
387 1697 443 1758 uix
474 1697 555 1758 torte
583 1696 704 1758 fortuna
726 1689 955 1782 difficultatibus
979 1695 1177 1777 subuenerit,
1210 1715 1421 1778 nonnunquam

237 1809 335 1868 tamen
367 1799 490 1860 miratus
517 1817 582 1858 sum
605 1817 694 1880 quum
718 1798 934 1862 dexteritatem
957 1797 1205 1893 diligentiamque
1229 1800 1420 1880 interpretis,

97 1911 101 1926 '
236 1912 299 1972 tum
334 1920 412 1966 uero
448 1901 644 1990 apostolicae·
669 1901 777 1962 urentis
808 1901 1029 2000 simplieitatem
1062 1920 1104 1964 ex
1132 1901 1304 1979 sententia,
1340 1919 1421 1982 quae

237 2009 332 2091 primo
362 2005 469 2067 obtutu
497 2004 650 2086 implicata
676 2002 832 2064 admodum
866 2005 899 2066 et
929 2006 1068 2068 contorte
1098 2004 1421 2086 videbatur21ponte

236 2110 450 2194 promicantem
463 2100 510 2187 ²J:
564 2166 566 2176 .
972 2175 979 2185 Δ
1104 2173 1106 2180 ,
1153 2186 1158 2196 .

338 2211 423 2294 Quae
442 2209 538 2285 igitur
558 2207 686 2286 linguae
707 2206 846 2270 Graecae
868 2209 958 2289 copia
979 2213 1029 2272 est
1046 2207 1281 2287 Particulurum,
1305 2206 1422 2270 flexio-

237 2333 306 2376 num
330 2315 364 2376 ct
385 2309 549 2372 vernorum
571 2309 806 2402 compositorum
829 2311 983 2390 varietas,
1010 2311 1183 2372 structurae
1204 2311 1283 2372 ratio
1305 2311 1421 2372 excul-

238 2418 297 2480 tlor
324 2417 357 2477 et
385 2411 567 2492 artificiosa,
600 2430 639 2474 ca
668 2409 784 2491 impulit
816 2415 849 2474 et
876 2413 985 2490 adegit
1008 2413 1205 2493 interpretem
1227 2412 1358 2492 Syrum,
1386 2419 1423 2475 ut

237 2517 331 2582 multa
358 2515 530 2594 onritteret,
559 2513 620 2576 alla
649 2513 841 2591 distinguere
860 2532 930 2583 ,non
954 2517 1079 2596 posset,
1109 2513 1187 2576 laud
1207 2533 1305 2594 pauca
1326 2515 1420 2592 deni-

237 2639 297 2703 que
321 2619 463 2682 mutaret.
508 2615 583 2678 Nam
608 2618 737 2698 quaein
762 2615 882 2680 Graeco
904 2617 1046 2680 idiomate
1068 2633 1222 2698 expressa
1241 2620 1328 2698 snut,
1356 2635 1420 2680 non

237 2723 381 2786 accurate
410 2719 508 2782 onmia
534 2719 665 2780 reddere
695 2720 801 2800 potest
824 2718 933 2780 idioma
953 2720 1130 2800 Syriacum,
1164 2719 1302 2802 quodet
1319 2720 1419 2800 ipsum

232 2803 330 2888 xlraloet
367 2823 506 2906 proprios
537 2839 610 2884 snas
639 2841 749 2886 causas
767 2823 812 2884 ‘et
837 2821 993 2902 rationes,
1027 2840 1105 2906 quae
1130 2838 1231 2884 rerum
1261 2822 1419 2886 multarum

236 2928 446 3003 inversione
487 2925 611 3010 formam
651 2925 806 2992 diuersam
841 2941 914 2988 esse
953 2925 1107 3000 iusserunt
1141 2943 1161 2986 a
1193 2925 1282 2992 textu
1314 2925 1420 3002 origi-'

236 3031 307 3094 nait.
359 3029 441 3092 luter
479 3030 699 3110 proprietates·
713 3027 906 3108 interpretis,
922 3028 997 3107 Syri
1027 3027 1172 3090 Wiuerus
1201 3026 1276 3088 illud
1304 3044 1417 3090 recen-

236 3136 304 3213 set,
338 3130 419 3212 quod
453 3130 595 3214 ubique„
619 3131 739 3213 qnando
776 3131 815 3192 de
848 3128 971 3193 Glrristo
1005 3147 1106 3202 sermo
1137 3129 1194 3208 sit,
1229 3146 1285 3208 pro
1313 3129 1417 3209 κύριος

236 3235 353 3298 scribat
373 3232 541 3327 ‚pdominus
560 3223 706 3296 nost'cr“.
750 3229 796 3294 At
818 3249 897 3294 vero
919 3231 949 3292 id
971 3249 1030 3292 non
1051 3234 1112 3294 tam
1131 3231 1308 3311 interpretis
1326 3251 1417 3313 quern

140 3335 145 3341 “
237 3336 363 3414 linguae
394 3335 548 3414 proprium
578 3337 643 3414 est,
674 3337 708 3396 nt
732 3334 769 3396 iis
792 3334 941 3414 vocibus,
964 3333 1072 3415 quihus
1094 3332 1171 3395 alios
1190 3331 1302 3411 alloqui
1325 3334 1415 3394 sole-

237 3457 320 3518 mus,
348 3431 522 3518 pronomina
543 3435 657 3500 suffixo
679 3435 836 3499 addantur.
878 3434 926 3500 lto
945 3437 975 3498 in
998 3435 1035 3502 N.
1057 3435 1099 3500 Τ.
1119 3437 1185 3518 ipso
1203 3434 1319 3511 legitur
1339 3434 1417 3498 illa-

241 3589 449 3608 *με*

346 3693 376 3761 1)
401 3689 502 3746 Multas
527 3693 674 3762 partientes
699 3692 779 3762 plane
804 3677 925 3746 omittere
950 3691 1030 3747 dehet
1049 3691 1148 3761 Syrum
1172 3691 1308 3744 aliusnon
1329 3697 1421 3760 potest

239 3781 405 3849 distinguere
428 3781 457 3830 ut
482 3772 519 3834 εἰς
542 3783 569 3831 et
592 3775 637 3842 ἐν,
662 3775 731 3836 dori,
755 3775 832 3846 nepai
850 3782 877 3832 et
895 3773 950 3830 ἀπό
971 3782 1019 3830 eic-
1039 3783 1088 3830 etc.
1126 3775 1341 3845 Comparativum
1359 3777 1419 3846 ple-

239 3879 349 3934 rumque
371 3863 520 3931 exprimere
544 3865 651 3932 nequit,
676 3875 761 3939 quare
778 3878 820 3918 ex.
838 3879 861 3916 c.
880 3860 937 3915 Act
954 3861 1056 3926 XXIV,
1074 3867 1116 3916 20.
1135 3866 1222 3914 utrum
1235 3859 1366 3930 ,meipso
1382 3878 1419 3916 uu

238 3943 428 4015 ἀθυμότερον
446 3945 558 4015 legerit,
581 3961 746 4017 cognoscere
764 3963 819 4002 non
837 3948 908 4002 licet.
966 3955 973 3972 ⁸

343 4044 378 4112 2)
399 4042 486 4098 Totae
509 4047 706 4098 enuntiationes
724 4051 875 4112 mutentur,
902 4046 1087 4116 appositiones
1105 4043 1149 4096 vel
1167 4041 1317 4098 sententiae
1334 4059 1421 4113 prue-

238 4131 372 4201 positiua‘e
397 4130 425 4182 in
442 4129 577 4182 *relativas
599 4119 688 4196 (l'lom.
713 4129 754 4195 ll,
781 4139 820 4194 1.;
853 4131 894 4196 V,
920 4131 973 4198 1.);
1004 4127 1156 4182 definitivae
1181 4145 1231 4196 pro
1258 4130 1421 4198 copulativis

238 4219 373 4283 perduntur
396 4212 467 4280 (Act.
492 4211 569 4276 XIV,
593 4212 647 4278 2.);
672 4214 841 4282 copulativae
858 4231 907 4284 pro
927 4214 1110 4276 disiunctivis‚
1137 4212 1285 4266 indirectae
1307 4229 1356 4282 pro
1374 4212 1419 4266 di-

239 4300 334 4361 rectis,
367 4297 544 4372 affirmatione
567 4311 617 4366 pro
641 4300 790 4368 negutiu153
819 4285 1003 4354 attractiones
1014 4297 1187 4365 resolvuntur
1207 4303 1235 4352 et
1251 4299 1306 4351 ulio
1322 4295 1349 4350 id
1369 4310 1421 4366 ge—

238 4397 289 4436 nus
307 4385 453 4436 innumero.
