3006 5004
1248 315 1311 382 197

121 503 221 566 nuper
249 482 366 546 allatos
391 479 531 562 enlrib'et'¹
547 481 771 566 unuslesairm
794 503 836 548 ex
861 489 1004 550 versione
1028 486 1150 569 laeobi,
1173 489 1306 554 tortasse

122 591 163 662 et¹
181 581 258 652 alioir
282 585 320 648 V.
343 584 385 646 Τ.
414 585 521 658 libros.
565 579 599 648 ln
622 585 750 648 Psalmis
780 577 1063 672 variantesliaeobi
1085 589 1234 654 lectiones
1258 593 1306 653 ci·-

122 694 170 754 tat
197 689 452 786 Bar-Hebraeus
474 685 613 770 (Assem.
628 689 662 750 i.
690 709 765 770 pag.
787 687 890 788 493).
932 690 1081 756 lmNovo
1104 691 1304 782 'lfestamento

118 779 251 860 lacobus
275 791 450 880 Simplieem
481 793 636 882 requitur,
668 793 761 860 utitur
791 796 897 858 autem
923 794 1013 856 etiam
1034 789 1245 884 Apocalypsi,
1274 797 1303 856 in

119 907 180 992 qua
208 899 309 959 tamon
338 895 512 962 versionem
540 893 684 956 babuisse
714 895 837 964 videtur
865 897 903 958 ab
925 914 963 972 ea
985 913 1062 978 quac
1085 893 1162 957 nnire
1186 895 1303 974 legitur

119 1000 274 1068 diversam
293 995 335 1080 ¹).
380 989 511 1063 lacobus'
540 997 699 1074 igiturut
731 999 848 1060 omniuo
864 983 960 1088 'vlam
989 979 1302 1076 mediam'ingressus

120 1106 188 1182 est',
218 1103 261 1172 ita
282 1101 320 1180 ,in
343 1099 381 1160 V.
405 1099 445 1160 Τ.
469 1099 642 1162 versionem
665 1099 734 1180 ipse
757 1083 911 1180 coniecit,
927 1091 1109 1182 -qr'raeinter
1119 1098 1302 1180 -Simpliccm

120 1193 276 1286 antiquom
301 1205 333 1266 e't
352 1181 562 1284 'Hexapiaren
590 1195 691 1281 Nlar'n,
721 1203 803 1284 qna'e
826 1204 916 1266 etiam
938 1201 1063 1266 Graeca
1078 1199 1205 1286 dicitur,
1234 1209 1301 1264 me-

121 1307 171 1367 dia
201 1309 249 1368 est
256 1327 266 1380 3
294 1307 323 1365 in
336 1304 438 1365 Novo
455 1304 668 1384 Tertameato
691 1307 800 1366 autem·
813 1305 953 1386 Simplex
975 1296 1079 1366 tautae
1100 1303 1168 1376 erat
1191 1275 1301 1386 erupto²

118 1411 239 1487 uitatis,
254 1471 259 1484 ‚
276 1411 308 1470 ut
335 1406 520 1492 retinendam
550 1425 616 1468 eam
644 1423 720 1482 esse
744 1411 906 1486 censeret,
938 1391 1056 1484 curem.
1071 1406 1199 1472 tautum·
1213 1403 1301 1466 adbi-

120 1497 215 1590 bens,
243 1513 277 1594 ut
295 1510 423 1571 Nomina
442 1509 567 1590 propria
585 1503 926 1584 r‘eetiusseriberentnr
948 1511 980 1572 et
1001 1509 1121 1573 formae
1138 1497 1300 1570 verborum

118 1613 161 1674 ad
190 1613 404 1690 gramanaticoc
433 1611 804 1694 regulaseriigerentur.
847 1612 964 1674 illenim
986 1611 1021 1672 iu
1045 1608 1150 1696 codice
1175 1611 1300 1691 saepius
1373 1665 1375 1676 .

120 1715 244 1792 laudato
266 1711 405 1798 (Assem.
428 1713 469 1776 ll.
489 1736 575 1796 pag„
588 1713 694 1798 ism),
708 1714 824 1796 legitur
843 1711 1141 1796 „lacobilldesseni
1159 1713 1302 1778 rcceusio,

121 1823 154 1882 et
171 1819 328 1899 punctatio
347 1817 456 1904 voemm
478 1816 514 1900 (i.
539 1837 567 1880 e.
590 1819 745 1882 Nominum
766 1813 982 1903 propriorum),
995 1815 1035 1900 N.
1059 1813 1099 1876 Τ.
1121 1813 1207 1896 iuxta
1221 1831 1299 1876 ver·
1334 1818 1339 1832 ’

120 1919 397 2000 siouomeomae
419 1901 652 1986 Heracleensis:
679 1921 799 1984 scilieet
823 1919 953 2002 Actuum
977 1915 1082 1996 App,
1110 1915 1299 1999 lipplaul.

122 2030 154 2088 et
175 2025 344 2102 llvangg„
366 2025 417 2084 ubi
439 2025 467 2084 in
490 2022 780 2102 mergiumtlroeeis
800 2005 982 2094 cubitalibus
1003 2017 1132 2097 vocibuis
1156 2018 1300 2096 apposita

121 2127 289 2190 diiiieiliora
311 2110 464 2188 vocabula
484 2125 617 2206 Syriaca
638 2109 826 2202 elucidantur
838 2117 903 2206 ²).“
947 2119 1090 2182 Nascitur
1110 2102 1180 2198 iude
1199 2118 1299 2198 opinio

123 2229 209 2310 mili,
247 2229 630 2308 codieemdlnlangensem
646 2227 744 2309 ¹nequi
767 2223 1014 2314 ortbogr'aplririm
1034 2219 1222 2302 regulasque
1246 2217 1299 2280 le⁴

94 2348 203 2420 Leobi.
255 2347 386 2414 lacobus
422 2324 498 2410 erlim
525 2347 694 2412 iuter-alia
721 2345 815 2408 scribi
843 2345 928 2408 iubet
947 2311 1144 2448 Θαὶς,
1178 2355 1238 2402 noa
1267 2339 1300 2400 ut

101 2667 104 2675 ·
125 2633 255 2686 librorum
280 2635 415 2704 interpres
442 2635 544 2700 dictus,
578 2635 639 2706 (qui
663 2633 757 2688 Severi
781 2631 867 2685 libros
891 2623 1057 2694 transtulit),
1074 2623 1196 2692 dequo
1217 2623 1302 2675 Asse-

125 2731 218 2774 manus
241 2723 327 2773 nescit
348 2736 384 2784 an
407 2721 475 2776 idem
502 2724 538 2775 sit
562 2718 721 2789 eum‚l’aulo
739 2717 823 2771 Totae
848 2717 984 2784 episcopo.
1008 2709 1041 2780 ii,
1052 2703 1129 2778 ἷρας.
1146 2709 1194 2766 47.
1207 2705 1302 2775 (Tella

123 2799 279 2856 Mouzaleiln
296 2799 360 2863 u'rhs
381 2812 440 2860 arat
457 2806 680 2876 Mesopotamiae.
717 2803 747 2858 B.
762 2799 839 2868 ·0.,1.
857 2813 920 2869 pag.
938 2793 1020 2864 395).
1052 2793 1197 2874 lielellitur
1212 2789 1303 2842 tamen

124 2887 370 2943 baec-coniectura
394 2907 426 2944 ex
450 2893 536 2960 epigr.
564 2891 630 2944 (lod.
655 2887 742 2942 Paris.
767 2901 838 2940 vers.
856 2882 966 2950 llexapl.
1003 2876 1144 2934 (lt'lidler
1165 2875 1302 2926 devores.

122 2990 185 3043 pas
212 2981 269 3042 ὅθ,
305 2978 379 3028 cuius
404 2973 684 3041 sententiaelaccedo.
707 3000 743 3010 -
784 2969 879 3038 Tertia
902 2963 1006 3020 aceedit
1029 2961 1061 3032 V,
1086 2960 1119 3014 T.
1142 2958 1232 3014 versio
1257 2954 1301 3008 la-

124 3061 216 3124 cohi,.
233 3063 302 3112 inter
328 3058 478 3129 Simplicem
507 3051 534 3114 et
560 3045 737 3126 ilenaplar‘em
761 3052 849 3106 media
874 3066 896 3104 s.
917 3049 1039 3118 Siniplex
1066 3041 1302 3112 adHexaplarem

125 3145 259 3197 recensita
283 3150 316 3200 et.
333 3146 487 3210 emendata,
509 3145 567 3198 sed
592 3158 660 3215 quae
688 3143 731 3195 vix
756 3139 867 3214 maioris
887 3135 1001 3188 nominis
1022 3131 1086 3195 luit;
1112 3141 1172 3182 uam
1191 3138 1208 3178 a
1224 3123 1302 3180 Bor-

126 3229 255 3302 llelrraeo
274 3230 302 3281 in
325 3230 386 3283 leco
412 3231 585 3284 celeberrimo
612 3229 644 3282 de
662 3222 811 3281 Bibliorum
833 3219 1003 3293 versionibus
1023 3215 1146 3286 (llisem.
1171 3225 1234 3282 pag.
1259 3207 1303 3266 84.

126 3319 153 3368 ⁰⁸
168 3312 227 3381 93·)
248 3329 302 3371 nou
321 3315 483 3369 recensetur.
505 3309 668 3396 -'Versie
679 3311 796 3381 figurato
814 3320 913 3361 merum
931 3307 972 3358 est
991 3297 1120 3354 Pococlrii
1138 3297 1304 3368 figmentum.

232 3411 261 3480 1)
285 3412 399 3468 lacobus
423 3412 580 3488 (Ephracmi
605 3411 673 3482 Opp.
698 3409 719 3466 l.
745 3423 807 3480 pag.
831 3403 907 3472 192.)
926 3405 991 3456 citat
1009 3400 1093 3470 Apoc.
1113 3394 1197 3450 llllll.
1214 3396 1305 3450 3-6.

126 3497 167 3551 ci.
193 3496 350 3564 Michaelis,
375 3496 446 3552 Einl.
470 3498 512 3554 ed:
536 3501 562 3554 4.
588 3513 652 3568 pag.
675 3497 736 3553 415.
762 3500 789 3548 et
812 3507 889 3564 quern
907 3487 1001 3543 laudat
1018 3483 1151 3552 Storrium
1169 3477 1201 3530 de
1218 3488 1304 3550 verse.

23 3643 26 3666 Ι
125 3588 176 3637 etc.
194 3595 257 3652 pag.
274 3587 334 3641 97:

231 3681 263 3748 2)
289 3679 321 3734 lu
345 3669 438 3736 eedem
463 3681 555 3734 codice
577 3655 678 3749 legitul
701 3690 795 3730 vocum
813 3671 1006 3726 llebraiesrum
1026 3659 1141 3731 quaein
1158 3653 1190 3710 V.
1209 3651 1242 3708 Τ.
1260 3667 1307 3706 oc·
1397 3693 1401 3702 ,

129 3771 240 3818 currunt
265 3764 428 3834 significatio
452 3775 493 3820 ex'
509 3766 666 3817 recensione
686 3759 779 3815 iacobi
797 3753 936 3810 Edesseni.
971 3745 1057 3800 Etiam
1072 3740 1138 3828 iilud
1155 3739 1190 3792 ad
1208 3751 1307 3790 morem

82 3907 84 3917 ,
128 3853 261 3906 versionis
286 3848 446 3918 llexaplaris
471 3849 568 3903 iactum
585 3852 648 3912 est,
673 3848 701 3898 iu
726 3855 780 3913 qua
801 3840 910 3894 nomina
928 3831 1053 3886 Hebraea
1068 3825 1176 3890 Amori,
1199 3819 1308 3920 blielrae

126 3941 176 3990 ete.
196 3934 307 4005 Syriaco
325 3935 501 4004 explicantur.
518 3961 553 3973 -
587 3928 681 3984 Monet
694 3919 862 3983 llisemanus
881 3921 960 3990 (pag.
979 3913 1066 3982 177.)‚
1085 3909 1219 3967 uocabula
1236 3906 1309 3962 duili-
1393 3947 1397 3962 .

14 4014 16 4019 ’
130 4022 244 4086 silicus,
275 4033 345 4090 quae
370 4017 443 4072 dieat
465 4015 643 4079 Amenanus,
674 4007 935 4080 intelligenda,esse
953 3999 1068 4056 Nomina
1090 3997 1218 4072 propria,
1241 3993 1310 4060 quae

130 4109 161 4156 ut
185 4101 304 4158 Thomas
327 4101 439 4172 Syrisce
471 4101 671 4158 accuratissime
699 4093 898 4163 transscripsit,
931 4091 970 4142 ita
997 4083 1100 4140 addidit
1122 4087 1311 4144 nonnunquam
1394 4153 1401 4169 κ

132 4189 160 4240 in
186 4189 308 4258 margine
334 4203 431 4242 nornen
455 4183 585 4240 Graecum
606 4187 700 4254 iprum.
735 4177 862 4234 Thomas·
877 4163 1155 4248 intrausoerihondis
1172 4157 1311 4216 uocabulis

130 4283 244 4343 Graccis
256 4288 364 4342 litteras
378 4287 550 4358 quiescibtles
564 4285 644 4356 plane
656 4299 706 4354 pro
719 4277 857 4338 vocalibus
869 4261 1007 4340 adhibuit,
1023 4287 1055 4328 ex
1067 4285 1109 4338 gr.
1125 4254 1313 4376 ῥθέὑσιθ

132 4377 218 4444 blar'c.
239 4387 292 4453 Vl,
318 4391 360 4446 55.
617 4402 619 4406 '
829 4435 831 4442 .
1083 4407 1089 4426 ··
