2956 5004
223 269 288 338 990

225 453 319 537 M
336 449 484 554 ΜΔ)
507 472 604 537 lllnrc.
620 474 680 554 lll,
703 473 753 538 21.
769 471 890 549 ἐξέστη,
911 470 954 532 lo.
969 464 999 549 l,
1025 467 1075 531 16.
1088 469 1180 555 χάριν
1198 467 1269 534 (ivri
1288 470 1398 552 piceos

297 779 298 784 ,
330 727 463 790 Maxime
485 727 604 810 quidem
624 727 654 790 iel
677 727 862 808 conspicitur
883 727 912 786 in
932 725 1131 805 Euangeliis,
1154 743 1237 807 quoe
1262 721 1400 786 Christum

228 829 319 896 telem
343 830 431 892 nolis
454 830 642 910 depingunt,
667 829 763 892 oculis
785 830 976 910 proponunt,
1001 827 1106 888 animis
1120 828 1310 908 imprimunt,
1331 842 1399 905 qua-

227 933 266 994 lis
296 933 325 992 in
354 931 462 994 mundo
485 931 746 996 ohamnumverat.
796 931 913 994 Etenim
936 947 995 992 non
1015 927 1190 1018 iuerat'ille
1215 929 1265 990 vir
1289 925 1400 990 scholae

229 1038 262 1098 et
289 1035 466 1096 eruditionis
491 1033 553 1108 ¹secl
584 1034 664 1095 vitoe
694 1038 726 1095 et
755 1034 873 1116 plebis,
914 1038 1005 1115 etque
1037 1033 1088 1114 qui
1117 1033 1146 1092 in
1177 1021 1273 1096 relo'us
1301 1027 1400 1090 divinis

228 1135 340 1217 plebeii
372 1136 458 1198 erent
487 1138 529 1222 et
550 1135 696 1215 inientes,
712 1154 782 1200 ‚eor
806 1136 925 1197 erudire
952 1135 1051 1196 uoluit
1072 1134 1211 1195 oratioue
1236 1131 1305 1207 teli,
1333 1145 1400 1209 quae

229 1237 344 1316 tuellis,
372 1237 535 1318 perspicue
556 1241 588 1299 et
610 1235 700 1317 plane
721 1235 849 1300 humana
871 1242 954 1317 erat,
983 1255 1001 1297 a
1024 1236 1116 1298 rebus
1137 1234 1278 1296 lucrinis
1300 1235 1330 1294 et
1349 1249 1399 1293 ne·

229 1339 388 1405 turullius
405 1339 502 1410 verbo
531 1356 672 1418 sumens,
707 1341 816 1422 quibus
841 1340 1005 1402 invisibilis
1034 1341 1216 1400 et.eeterne
1237 1337 1323 1422 quasi
1342 1351 1399 1402 cum

157 1489 160 1498 .
229 1441 312 1506 lecte
335 1441 520 1530 instillaret..
550 1441 591 1502 lit
614 1441 680 1521 quis
702 1427 819 1522 quaese
840 1445 906 1522 est,
931 1443 1001 1524 quin
1017 1458 1113 1502 voces
1128 1440 1304 1518 coelestes,
1327 1435 1398 1498 toni-

229 1548 299 1607 trua
328 1542 415 1606 simul
444 1545 477 1604 et
506 1552 598 1605 auree
620 1542 931 1626 tlptumtenerrimum
953 1545 1113 1625 percipere
1137 1543 1197 1618 sihi
1221 1535 1398 1604 videnturiu

231 1649 292 1710 tum
318 1643 462 1725 simplicis
491 1644 637 1704 orationis
668 1640 838 1707 velamine?
868 1645 953 1730 Quae
978 1648 1076 1706 tanreu
1097 1625 1279 1723 simplicitos
1299 1642 1396 1708 tontum

197 1759 200 1766 ’
231 1747 321 1807 abest
350 1748 382 1808 ut
411 1746 477 1806 arte
508 1747 632 1821 carent,
664 1749 697 1808 ut
722 1747 840 1808 Paulus
870 1749 1053 1828 praecipue,
1085 1744 1260 1822 linguarum
1285 1742 1398 1825 peritis-

232 1847 342 1925 simus,
369 1831 519 1910 et'lrucas
544 1846 669 1908 verbnm
691 1848 769 1912 haul
791 1869 861 1914 roro
886 1851 1016 1932 forment
1040 1848 1092 1928 vel
1115 1849 1259 1911 consulto
1282 1847 1397 1923 eligunt,

231 1947 313 2031 quotl
341 1947 591 2028 simplicissimam
620 1953 652 2010 et
682 1953 871 2015 verissimum
899 1952 942 2011 rei
964 1931 1114 2032 notionem
1134 1952 1291 2031 exprimat
1308 1945 1334 2029 ¹]
1354 1943 1398 2006 vel

231 2049 314 2133 quoi
343 2049 383 2112 nil
412 2050 551 2117 institute
579 2054 612 2112 et
642 2053 739 2115 verbe
769 2053 807 2116 V.
833 2052 878 2122 Τ.
909 2041 1035 2134 propius
1067 2053 1206 2118 accedet.
1251 2051 1324 2134 Quis
1349 2061 1397 2108 nou

231 2152 334 2232 uidet,
372 2153 448 2214 ritus
479 2171 582 2216 omues
609 2147 694 2230 legis
720 2155 894 2234 llloseioee‚
924 2157 1084 2216 tentorium
1106 2157 1144 2216 et.
1162 2154 1324 2235 templum,
1353 2165 1397 2209 res

232 2254 423 2334 pontificales
453 2256 495 2319 et.
511 2253 620 2334 civiles
650 2255 857 2319 Hebraeorum
885 2259 985 2319 redire
1015 2259 1051 2318 iis
1078 2257 1106 2316 in
1133 2239 1314 2334 v'oenlrulis,
1335 2249 1396 2333 qui-

231 2356 297 2434 nus
318 2357 440 2418 utuntur
465 2353 611 2435 Apostoli
637 2357 677 2418 od
710 2357 824 2422 Christi
855 2379 932 2454 opps
950 2358 1126 2438 salvificum
1145 2362 1177 2420 et
1199 2363 1309 2422 statum
1327 2371 1396 2432 grs-

233 2458 348 2540 iusque
390 2456 543 2520 ecclesiae
578 2457 824 2541 describendos,'
855 2462 893 2522 de
932 2463 1041 2544 quihus
1075 2461 1200 2538 longum
1216 2461 1284 2523 ¹'est
1316 2455 1396 2519 multo

233 2559 395 2622 disserere.
439 2557 541 2642 Quare
564 2557 672 2640 ,optimi
697 2581 818 2644 semper
840 2564 1024 2643 interpretes
1052 2563 1243 2644 statuerunt,
1279 2564 1307 2624 in
1330 2575 1395 2620 sen-

185 2715 193 2726 .
232 2663 339 2752 tentiis⁸
374 2663 406 2724 et
439 2646 569 2732 lintione
599 2661 637 2722 N.
669 2663 709 2724 Τ.
748 2666 805 2726 rite
842 2664 1019 2728 illustranda
1057 2665 1242 2726 redeundum
1270 2681 1336 2726 esse
1362 2657 1395 2718 al

232 2761 273 2824 V.
312 2761 352 2822 Τ.
388 2761 502 2843 libros,
539 2762 577 2824 nd
615 2783 690 2845 qous
710 2755 895 2844 'Christum
931 2765 1150 2842 liuengelistes
1178 2770 1210 2828 ot
1242 2761 1396 2848 Apostolos

232 2863 357 2945 ubique·
372 2867 405 2928 et
429 2865 459 2926 in
488 2865 834 2946 omnibuszrespexisse
862 2865 930 2929 luce
961 2857 1070 2928 clarius
1105 2869 1171 2946 est,
1201 2870 1247 2932 ita
1270 2872 1301 2930 ut
1319 2879 1393 2928 nemo

232 2965 403 3032 sententiae
430 2967 619 3048 spostolicae
644 2969 807 3046 rationem,
839 2970 981 3048 terrram,
1012 2986 1135 3048 scopum
1159 2973 1190 3032 et
1214 2973 1301 3033 tinem
1321 2967 1393 3028 recte

231 3068 412 3148 perspicere
440 3070 558 3148 possit,
586 3071 643 3130 nisi
672 3071 777 3133 endem
801 3089 866 3132 cum
887 3071 1049 3152 Apostolis
1072 3074 1219 3136 iudicandi
1246 3067 1392 3156 loquendi-

232 3185 293 3249 que
310 3171 361 3231 via
381 3169 590 3248 ingredietur,
615 3172 671 3232 nisi
693 3191 751 3232 una
771 3191 835 3234 eum
859 3170 980 3236 Christo
1005 3179 1036 3236 et
1058 3174 1222 3256 Apostolis
1247 3177 1283 3236 ed
1304 3171 1338 3233 V.
1358 3164 1390 3226 'l'-

232 3267 314 3328 diets
342 3271 506 3349 respiciet,
538 3289 615 3352 quae
637 3273 734 3334 omnia
758 3272 1003 3354 consummando,
1031 3277 1180 3357 implendo
1205 3281 1237 3338 et
1258 3276 1292 3337 ad
1310 3273 1391 3332 vitun

231 3365 453 3452 veritatemque
481 3371 673 3450 perducenda
694 3377 790 3435 erent.
835 3373 941 3456 ltaque
964 3377 1013 3437 ubi
1036 3379 1074 3438 de
1096 3379 1167 3440 stilo
1180 3379 1226 3439 Ν.
1247 3379 1282 3440 Τ.
1302 3387 1391 3454 quoe-

229 3470 321 3550 ritur‚
357 3471 525 3536 rectissime
550 3477 625 3555 puto
654 3475 830 3540 Boeelerum
863 3474 954 3556 (diss.
972 3479 1022 3538 ¹de
1053 3479 1158 3557 lingua
1178 3481 1216 3541 N.
1240 3481 1277 3542 Τ.
1301 3471 1392 3549 origi·

228 3569 308 3654 nali)
330 3571 464 3654 dixisse,
488 3577 695 3656 quaestionem
720 3595 779 3637 non
804 3577 875 3654 egi,
897 3595 962 3637 num
986 3578 1113 3666 phrases
1136 3585 1168 3642 et
1192 3584 1303 3660 verbo,
1323 3589 1390 3659 quae

230 3675 259 3735 lu
290 3672 328 3734 N.
357 3671 399 3736 Τ.
427 3677 602 3758 occurrent,
639 3677 867 3758 eScriptorunr
891 3682 1082 3759 profanorum
1112 3659 1305 3747 monumentis
1323 3676 1390 3759 po‘s·

231 3776 291 3839 sint
319 3777 401 3866 erui,
434 3777 489 3840 secl
521 3765 558 3842 an
591 3764 1139 3868 totesdictionisindolesfaciesque
1164 3787 1390 3859 sortitumque

335 4071 366 4140 1)
384 4071 427 4127 Gi.
450 4074 582 4133 vocabula
606 4079 688 4131 multe
705 4081 867 4149 composita:
892 4079 1035 4150 iteremus,
1054 4080 1282 4155 ὀποκιιραδοκία,
1304 4071 1392 4148 inre&

228 4173 319 4222 τημα..
354 4153 479 4225 cerami,
514 4155 673 4227 ereptiones,
706 4159 918 4232 ἀπογενόμενοι,
947 4163 1059 4230 ἐνόντα,
1084 4166 1301 4240 ἐκμιιιιηρίζειν,
1325 4163 1391 4218 ὅπω-

227 4235 352 4302 nsotrae,
379 4241 606 4310 presumsissent,
636 4244 814 4312 καπηλεύειν,
842 4243 1157 4316 ἀνακεφαλαιώσασθαι.
1182 4244 1391 4325 καταβραβεῦθῦἰ

226 4318 500 4390 παραὸιιγματΐζειν,
523 4322 696 4392 ὀλιγόπιστοι
715 4333 764 4381 eto.
785 4335 834 4384 eto.
