2974 5012
1245 247 1336 353 na‘

103 492 151 533 ma
179 465 334 532 'scribendi
363 465 538 542 cuneatum,
571 473 636 524 oum
657 457 891 542 hieroglyphice
917 461 954 521 ab
979 461 1063 522 initio
1085 461 1282 540 coniunctum,

102 571 263 653 Babylone
292 569 415 650 primum
446 565 608 630 adhibitum
634 582 706 627 esse
729 566 869 644 putatur;
896 563 1009 641 religio
1027 563 1158 646 denique
1181 563 1284 643 Syro-

104 698 166 740 rum
200 680 232 738 et
261 672 443 742 Phoenicum
470 687 615 730 unacum
639 663 832 747 philosophia
855 667 979 749 quadam
994 667 1137 748 practica
1160 670 1193 730 11
1216 685 1283 728 mo·
1320 669 1327 678 “

102 781 220 843 nastioa
248 759 510 856 asaoerdotihus
536 767 715 850 babyloniis
745 769 941 854 institutauet
968 772 1147 849 propagata
1177 773 1226 832 est
1243 767 1283 852 ¹]ss

101 883 198 944 Erant
218 879 293 941 enim
320 863 480 955 religionis
498 875 537 936 et
559 873 726 934 litterarum
750 872 851 956 studia
874 875 959 933 certo
982 876 1014 934 et
1037 871 1179 936 distincto
1201 886 1283 954 pon-

103 983 213 1046 tilioum
242 979 341 1041 ordini
379 980 554 1055 commissa,
591 975 642 1056 qul
670 991 766 1055 aeque
797 991 833 1034 ac
866 973 1024 1053 pontifices
1054 973 1282 1057 Aegyptiorum

104 1084 274 1150 diuinarum
314 1083 439 1142 omnium
478 1079 727 1166 humanarumque
764 1093 861 1136 rernm
898 1077 1041 1153 magistri
1065 1079 1188 1158 proprio
1218 1080 1282 1140 iure

105 1183 281 1260 constituti,
310 1183 475 1262 disciplina
505 1185 604 1248 antem
634 1182 666 1240 et
693 1177 842 1240 classibus
870 1180 949 1241 inter
980 1197 1051 1241 sose
1077 1179 1227 1262 distributi
1248 1185 1282 1244 et

103 1305 229 1349 arcana
250 1261 411 1347 traditione
449 1285 606 1346 scientiam
642 1286 873 1362 propagantes,
919 1283 1012 1344 totius
1042 1281 1138 1344 Asiae
1171 1285 1282 1346 docto-

106 1409 158 1451 res
192 1389 402 1449 exstiterunt·
442 1387 517 1449 llic
528 1386 643 1448 autem
652 1383 759 1462 grauis
787 1387 819 1442 et
829 1383 1034 1462 perdifficilis
1063 1386 1156 1446 oritur
1184 1403 1282 1466 quae-

103 1493 185 1568 stio,
220 1490 372 1557 cuiusnam
408 1489 511 1565 gentis
542 1491 574 1549 11
606 1487 712 1566 stirpis
740 1485 900 1564 babylonii
932 1485 1093 1568 eorumque
1121 1487 1282 1567 pontiliees

104 1593 240 1676 primitus
271 1591 401 1668 1111111,
436 1590 581 1652 undenam
612 1587 753 1666 advecti,
786 1589 984 1668 quae-inerit
1013 1588 1120 1667 lingna
1149 1589 1281 1671 ipsorum

103 1687 229 1780 patriai
287 1691 429 1752 Nimirum
471 1695 620 1755 uocantur
649 1691 808 1772 pontllices
840 1691 1074 1771 Babyloniorum
1105 1711 1123 1754 a
1156 1678 1283 1756 Craecls

101 1796 306 1875 Romanisque
328 1795 527 1875 scriptoribus
551 1797 723 1870 Χαλδαῖοι,
755 1791 913 1857 Chaldaei.
956 1793 1060 1857 Habes
1081 1793 1154 1856 illud
1171 1814 1282 1859 oraco-

102 1901 161 1962 lom
182 1896 264 1978 apud
284 1895 426 1959 lustinum
452 1900 480 1959 in
502 1901 580 1960 orat.
600 1901 758 1978 paraenet.
783 1897 820 1958 ad
837 1901 968 1976 gentesa
990 1941 1009 1976 „
1019 1895 1103 1959 Solis
1119 1896 1282 1961 Chaldaeis

104 2002 259 2082 sapientia
290 2002 403 2078 cessit,
440 1999 573 2062 llebraei
604 2035 648 2044 -
675 1999 841 2078 ingenitum
866 2017 973 2078 regem
1000 2003 1099 2068 11111
1124 1999 1282 2082 Daunique

60 2174 65 2186 ,
105 2103 216 2166 colunt
219 2102 239 2139 “
283 2101 389 2164 Testis
420 2104 533 2182 primus
562 2107 594 2164 et
623 2103 711 2184 qnasi
742 2100 896 2179 choragum
927 2101 1106 2181 scriptorum
1128 2102 1281 2166 Occiden-

104 2206 205 2268 talium
223 2199 271 2286 ²),
305 2205 359 2296 qui
385 2223 442 2268 uno
472 2223 525 2266 ore
555 2203 778 2305 Chaldaeorum
801 2193 979 2284 sapientiam
1005 2201 1148 2284 landant,
1177 2203 1281 2266 Hero-

104 2309 195 2369 dotus
223 2311 289 2385 est,
318 2307 369 2387 qul
394 2305 414 2367 1
439 2306 471 2388 l,
501 2305 594 2370 181⁴
583 2297 683 2390 topice
705 2301 938 2388 babyloniorum
967 2310 1144 2380 Χαλδαίους
1169 2307 1280 2398 appel-

103 2409 160 2470 lari
190 2409 314 2489 scribit,
346 2427 383 2472 eo
413 2412 512 2488 magis
544 2405 709 2473 audiendus
739 2413 863 2492 utpote
869 2405 920 2494 qul
941 2409 1009 2489 ipse
1034 2409 1193 2489 Babylone
1216 2429 1280 2474 oum

103 2511 294 2594 pontiholhus
319 2511 380 2574 illis
413 2514 557 2598 versatus
588 2513 640 2574 sit.
690 2511 753 2574 llos
776 2513 899 2575 tradere'
920 2515 1022 2575 narrat
1048 2510 1156 2576 similla
1182 2533 1281 2597 quae·-

104 2617 170 2676 dam
192 2613 421 2695 Aegyptiorum
441 2589 651 2695 pontificibus,
681 2613 765 2696 quod
782 2617 952 2678 accuratius
976 2617 1101 2695 exponit
1116 2603 1280 2698 Diodorus,

104 2719 156 2798 qui
180 2715 352 2780 Chaldaeos
381 2719 607 2781 vetustissimos
628 2717 795 2796 Babylonis
817 2717 1029 2784 incolaslaelt.
1076 2717 1280 2804 Callisthenes

102 2819 319 2901 philosophos,
347 2820 519 2882 Alexandri
543 2819 585 2881 Μ.
608 2839 730 2899 eomes,
760 2819 915 2898 reperisse
937 2839 971 2880 so
996 2820 1104 2882 scribit
1122 2795 1279 2900 babylone

104 2921 327 2988 Chaldaeorum
353 2923 595 2986 obseruationes·
611 2921 818 2998 astrologicas
843 2919 882 2981 ad
909 2925 1047 3001 tempora
1076 2937 1171 3002 usque
1200 2921 1280 2984 Ale-

104 3025 212 3086 xandri
241 3031 349 3108 χιλίων
378 3025 454 3092 droia
483 3032 535 3089 καὶ
563 3025 764 3087 ἔιϊεακοσίων
788 3021 890 3101 τριῶν.
920 3019 1110 3103 (Simplicius
1134 3023 1172 3085 (le
1193 3025 1280 3089 coelo

103 3127 125 3188 l.
138 3123 206 3210 mn]
250 3127 314 3188 Sed
346 3128 375 3189 ld
406 3131 520 3210 ipsum,
552 3125 726 3192 Chaldaeos
757 3115 945 3204 Babyloniae
967 3127 1142 3208 primaevos
1165 3129 1280 3192 incolas
1369 3147 1373 3153 ·

102 3229 217 3310 inisse,
246 3250 263 3292 a
291 3230 482 3313 plerisque
473 3249 502 3292 m
536 3229 653 3290 dubium
687 3232 835 3308 vocatur,
867 3244 962 3308 quare
986 3228 1045 3288 etsl
1074 3229 1280 3310 babylonicae

103 3333 312 3410 astrologicae
337 3315 462 3395 scholae
483 3333 690 3414 antiquitatem
714 3318 898 3408 concedant,
931 3327 1151 3394 Chaldaeorum
1181 3337 1279 3396 tamen

102 3451 211 3495 nomen
233 3453 342 3497 novum
363 3435 475 3498 habent
496 3439 528 3499 11
548 3449 656 3495 recens
682 3435 787 3494 ortum.
831 3433 950 3517 Quippe
974 3433 1136 3498 insinuavit
1157 3456 1191 3498 se
1214 3437 1279 3498 lere

102 3538 239 3600 omnihus
270 3539 458 3620 antiquitatis
490 3533 721 3614 indagatoribus
751 3519 804 3597 illa
834 3537 953 3616 opinio,
992 3555 1078 3618 quam
1109 3537 1222 3620 primus
1251 3527 1283 3602 11

102 3629 603 3723 111111Ρ111111111111111113),
630 3635 802 3700 Chaldaeos
825 3655 896 3698 ease
920 3641 1044 3712 gentem
1062 3637 1142 3700 illam
1165 3641 1280 3702 Arme-

104 3811 205 3820 ,ια-μ-
208 3811 306 3821 q*-

207 3923 239 3990 1)
264 3922 610 3997 (11111111111111111111ἲ1
636 3917 869 3992 φιλοσοφήσαντες
894 3923 1063 3976 oraculorum
1083 3923 1142 3980 Beli
1167 3933 1193 3980 et
1216 3929 1279 3982 rell-

102 4010 193 4078 111111
211 4013 379 4079 interpretes.
416 4011 456 4067 Cl.
475 4011 583 4066 1111111.
603 4007 668 4072 Vll,
684 4011 729 4064 16.
764 4005 900 4060 Stanleiua
919 4005 986 4061 l'bil.
1005 4007 1107 4065 Orioni.
1127 4011 1143 4066 Ι.
1162 4009 1182 4064 1.

206 4109 304 4181 2)(11.
321 4108 462 4165 11111111
477 4097 521 4166 W
540 4125 562 4166 a
582 4095 1175 4177 1,,11811111111,Ι111111.81111ιιιιι,
1202 4107 1278 4164 Cice

99 4189 207 4260 nonem,
232 4195 413 4260 bromtonum,
441 4193 612 4254 Clementem.
617 4191 692 4246 hlor.
714 4191 836 4261 aliosque
856 4187 957 4244 laudat.

202 4289 355 4364 3)0iigg.
371 4293 507 4381 Babylon.
542 4289 670 4346 Addenda
689 4299 751 4359 pag
769 4291 829 4347 ace
865 4269 1022 4344 Perizonius
1039 4293 1097 4404 ipse
1116 4301 1235 4350 secutus
1237 4301 1279 4349 est

96 4380 189 4450 aliquo
211 4377 290 4432 modo
309 4373 479 4439 Kimohium.
647 4402 649 4410 ·
