2956 5004
1104 229 1108 241 Ι
1213 281 1308 348 ,ecl
1378 307 1381 318 ·

119 443 355 524 Babyloniis-in
376 445 485 506 idioma
506 445 664 524 Syriacum
691 447 879 510 translatam.
918 449 1009 512 inter.
1027 450 1123 528 libros
1144 455 1306 538 canonicos

120 552 154 610 et
185 545 380 627 apocryphos
405 548 461 608 vix
491 547 528 610 ab
561 549 621 609 ullo
644 550 791 628 Syrorum
821 552 1071 633 scripturesatis
1094 551 1302 632 distinguitur.

116 651 151 712 ln
171 651 207 712 N.
231 650 270 710 Τ.
293 649 435 710 librorum
458 649 557 710 series
580 651 676 750 ¹vulgo
700 671 737 715 ea
760 658 826 732 est,
855 673 934 742 quae
956 652 1079 716 saeculo
1098 641 1192 718 tertio
1213 659 1321 722 etiam.

114 766 133 814 a
164 753 364 832 scriptoribus
396 752 513 832 aliquot
544 751 671 814 Graecis
697 756 892 833 proponitur:
930 757 1081 842 Quattuor
1100 755 1298 835 livaugelia3

112 856 196 918 Aeta
219 855 437 936 Apostolorum
469 858 501 916 et
528 853 686 940 Epistulae
715 856 901 930 catlrolicue3
932 856 1295 938 Pauli·epp..quattuor-

111 959 218 1018 decim.
242 943 471 1036 'dpocalypsis
494 953 691 1020 desideratur
721 941 809 1024 etiam
823 951 869 1022 'in
902 959 1026 1024 canone
1051 955 1144 1035 Cone
1168 961 1294 1042 Laqdic.

109 1057 229 1140 (Marsi
260 1057 393 1120 Goneill.
423 1049 494 1120 r’nov.
523 1063 556 1122 et
587 1061 721 1140 ampliss.
749 1062 818 1124 coll.
841 1061 886 1142 ll,
910 1047 1003 1143 574.)
1028 1061 1060 1121 et
1082 1061 1162 1140 apud
1185 1060 1291 1140 Gyril7

93 1165 168 1236 ium
197 1161 514 1240 Hierosolymitanum.
565 1161 736 1241 Gregorius
764 1148 1087 1232 Nananieausniec
1123 1161 1216 1241 habet
1251 1166 1289 1242 de

107 1264 225 1328 canone
244 1265 282 1324 N.
307 1265 363 1326 'Ra
389 1267 508 1366 „liniq
531 1265 564 1326 δέ
587 1289 665 1346 φασι
686 1260 718 1340 τί
725 1293 739 1328 ν
760 1261 840 1347 πρὸς
857 1243 1025 1347 Ἑβραίοῦξ
1043 1265 1158 1354 eddon,
1175 1243 1235 1328 ¹oria
1255 1259 1290 1328 εὖ

102 1369 263 1450 λὲγδντες,
295 1370 403 1449 γνησία
430 1358 490 1448 γάρ
521 1363 537 1442 ἡ
562 1369 660 1448 χάρις.
710 1361 894 1432 Καθόλικῶν
916 1367 1091 1445 ἐπιστολῶν
1121 1391 1202 1440 τινες
1229 1369 1287 1447 μὲν
1402 1369 1404 1374 ’

103 1469 185 1533 ἑπτά
213 1491 320 1550 φασιν,
356 1465 386 1531 οἱ
415 1472 448 1530 δὲ
471 1479 557 1556 τρεῖς
572 1468 670 1550 μόνας
691 1461 801 1551 χρῆνᾶι
823 1451 998 1551 δέχεσθαι,
1022 1460 1085 1542 Τῆν
1106 1472 1140 1532 δὲ
1161 1465 1283 1532 duosd-

100 1579 195 1654 λυψιν
223 1566 276 1648 rq'u
298 1571 443 1636 Ἰωάννου
466 1573 557 1634 πάλιν
585 1575 663 1644 τινὲς
689 1575 745 1652 μὲν
767 1570 975 1657 ἔγκρίνουσιν,
1003 1566 1174 1650 οἱπλείους
1195 1571 1230 1633 δέ
1247 1594 1282 1650 γε

103 1677 202 1738 νόθον
225 1677 364 1758 λέγουσιν
383 1672 444 1755 ’).“
496 1673 667 1760 Gregorius
689 1675 918 1753 Nazianzenus,
941 1675 971 1734 iu
992 1669 1190 1752 Cappadocia
1212 1653 1279 1752 pri-

100 1767 176 1840 murn
211 1781 391 1860 episeopus,
425 1778 517 1856 Syris
553 1779 669 1839 vio-rinus
698 1779 763 1840 luit.
812 1776 885 1856 lpaa
916 1775 1065 1855 Syrorum
1096 1758 1173 1836 h'aec
1202 1789 1277 1832 sen-

99 1883 196 1946 tentia
223 1883 294 1959 tuit,
330 1865 489 1961 epistularu
517 1879 553 1942 ad
581 1871 742 1970 Hebraeps'
764 1874 967 1957 servandam,
997 1875 1054 1936 sed
1077 1877 1140 1937 tres
1164 1877 1278 1937 tantum

98 2004 171 2075 epp.
200 1973 368 2046 catholicas'
395 1981 546 2058 legendas
576 1981 908 2062 aequeprtpocalypsin
930 1972 1095 2042 addendam
1116 1994 1198 2039 esse.
1241 1977 1276 2043 Si

98 2105 177 2150 vero
210 2086 307 2148 dubiis
337 2087 495 2158 cesserant
526 2084 618 2164 Syri,
658 2099 746 2164 quae·
764 2100 849 2144 saec.
882 2080 922 2142 11.
955 2081 987 2140 et
1015 2073 1275 2154 itinerante

95 2193 219 2270 agitata
250 2191 343 2260 erant,
367 2187 516 2248 adversus
550 2186 646 2246 libros
672 2185 833 2252 uorumllos
849 2182 1040 2264 posteriores
1064 2181 1096 2263 et
1117 2167 1274 2238 aderhioro

92 2296 191 2354 animo
210 2293 359 2373 auripluo,
384 2288 454 2370 quid
470 2290 589 2368 mirum,
608 2279 696 2368 ‘quod
711 2287 798 2349 locos
813 2285 971 2350 nonnullos
989 2301 1006 2344 e
1020 2281 1167 2344 contextu
1182 2277 1272 2340 Seri-

58 2468 61 2473 ,
92 2403 204 2478 pturae
238 2392 463 2474 expungendus
492 2411 563 2454 esse
586 2393 785 2468 censuerunt,
815 2407 892 2468 quos
916 2385 968 2448 vel
989 2383 1272 2464 pridemremsve-

90 2502 159 2560 rant
182 2497 389 2571 eeclesiarum
420 2496 575 2555 antistites
600 2496 632 2554 ct
653 2493 796 2554 doctores
819 2477 1097 2564 vel'removendus
1120 2482 1270 2560 aliterque

89 2603 244 2680 legendos
273 2617 344 2662 esse
368 2615 489 2674 ‘magna
518 2615 605 2682 uoce¹
628 2595 685 2656 viri
718 2587 875 2656 'clarissimi
904 2581 1085 2652 clamabant.
1135 2583 1270 2664 Putasne

89 2707 246 2784 acceptam
275 2704 307 2762 et
332 2703 452 2777 gratam
481 2681 577 2758 luisse
606 2689 758 2760 nmnaehis
781 2697 813 2758 et
838 2690 1015 2774 disciplinae
1040 2681 1270 2748 ecclesiasticae

67 2883 68 2886 Ἴ
89 2781 266 2870 auctoribus
294 2805 458 2884 pericopen
486 2801 564 2862 illam
588 2799 626 2858 de
651 2795 921 2886 leminaadultera
943 2791 1023 2872 apud
1044 2786 1184 2848 loannem
1209 2783 1268 2856 olr—

88 2899 240 2989 viam²Ji
274 2889 359 2968 Haec
385 2899 481 2982 igitur
509 2903 673 2982 pericope,
709 2917 795 2983 qqam
821 2889 897 2958 vere
922 2889 1135 2968 evangelicam
1156 2883 1276 2970 habco,

88 3027 178 3089 quam
215 2987 300 3070 nemo
332 3005 545 3088 unquam-nisi
573 3001 745 3083 Apostolus
775 2997 915 3078 scripsit,
949 3008 1034 3076 ¹quae
1067 2987 1187 3052 danruat
1216 2986 1267 3045 te·
1318 2990 1319 2993 ’
1357 2977 1360 2988 '

87 3105 228 3173 stimouio
260 3129 316 3172 suo
350 3109 536 3188 gravissimo
572 3107 685 3186 Papam
722 3105 756 3164 et
786 3101 976 3180 Episcopus,
1009 3092 1098 3154 deest
1131 3089 1161 3148 in
1196 3083 1266 3164 Sy-

88 3233 188 3275 rorum
217 3211 391 3294 Scriptura,
423 3203 507 3294 ·quo's
542 3227 615 3289 prae
655 3207 766 3268 ceteris
800 3199 985 3264 nrouaolratui
1015 3193 1136 3260 deditos
1168 3188 1266 3292 luisse

87 3301 217 3379 constat.
261 3316 360 3378 lleest
381 3318 410 3376 in
425 3314 560 3394 Simplici
583 3313 672 3398 etiam
691 3309 778 3372 locus
801 3302 1022 3368 versatissimus
1044 3294 1069 3356 1.
1085 3292 1129 3389 lo.
1150 3289 1197 3368 V,
1223 3287 1264 3368 7.,

86 3421 138 3500 qui
173 3420 290 3479 omniuo
325 3420 354 3478 in
382 3417 515 3480 eeclesia
546 3411 693 3477 Orientali
723 3407 812 3490 plan’e
838 3407 969 3484 ignotus
995 3397 1075 3474 luit,
1110 3395 1149 3454 de
1180 3389 1264 3450 cuius

85 3517 235 3604 nv’tsrziq
263 3520 385 3580 uberius
420 3535 579 3602 quaerere·
598 3518 657 3578 non
686 3517 735 3574 est
757 3510 861 3571 nulus.
881 3506 952 3566 loci.
995 3499 1030 3560 ld
1062 3497 1175 3557 tanturn
1194 3505 1263 3604 rpe÷

86 3641 215 3702 morem,
246 3621 325 3703 quod
347 3621 371 3682 l.
393 3621 434 3682 D.
455 3619 615 3682 Michaelis
639 3619 669 3676 in
692 3613 782 3684 Curis
802 3595 936 3670 motuum
956 3597 1085 3673 monuit,
1115 3610 1157 3652 ex
1178 3588 1263 3651 Sum-

85 3725 156 3804 plici
188 3727 292 3785 nostra
323 3699 532 3786 auctoritatem
564 3719 691 3798 aliquam
722 3709 874 3794 proticisci
905 3701 1003 3768 ecdici
1032 3691 1261 3807 Montfortiane,

85 3829 137 3908 qui
174 3829 278 3888 unicus
313 3827 410 3888 locum
450 3824 531 3885 illum
563 3820 697 3881 exhibet.
747 3812 900 3885 Probatur
929 3805 1004 3866 enirn
1030 3798 1117 3860 lmius
1146 3792 1261 3858 eedlssls

83 3929 201 3990 indoles
228 3911 412 4008 singularis,
448 3927 573 4006 antiqua
603 3927 634 3984 et
655 3917 777 4002 propria
799 3931 838 3979 ea
860 3912 897 3972 de
922 3924 1031 3983 eausa,
1056 3899 1136 3984 quod
1157 3898 1187 3958 iu
1208 3895 1259 3956 le-

86 4075 289 4087 Ἢ

189 4179 217 4247 1)
236 4179 277 4237 cr.
298 4179 330 4233 ue
349 4147 452 4246 uento,
477 4151 689 4250 srnrenumgms
707 4173 738 4228 n.
753 4133 790 4238 u.
810 4167 852 4222 eu.
870 4169 895 4223 c.
915 4179 941 4232 p.
959 4161 1003 4215 42.
1257 4227 1259 4232 Α

127 4267 130 4278 .
184 4277 216 4346 2)
239 4277 380 4332 Armenios
405 4277 475 4334 hanc
491 4283 645 4350 pericopam
663 4272 810 4328 detorsisse
829 4265 894 4352 dieii
911 4259 1010 4317 Nicon,
1033 4247 1172 4324 βλαβεράν
1189 4241 1259 4298 alum

79 4358 208 4430 λέγοντας
225 4363 282 4420 τοῖς
298 4363 409 4421 πολλοῖς
424 4365 476 4432 τὴν
493 4361 626 4430 τοιαύτην
642 4353 783 4429 ἅκρὸασιν.
992 4361 998 4372 ·
