2974 5012
1230 271 1286 340 tit

89 441 270 506 aduentu
261 459 289 501 ru
312 429 565 519 Mesopotamiam
594 441 733 518 namant,
769 441 859 504 otium
889 442 988 519 magis
1017 441 1147 507 ohscura
1174 445 1279 536 ailu3

87 541 182 604 irriea
204 533 280 602 suni
322 540 448 603 Summo
469 539 568 608 ιιιιιιιι
591 557 740 620 consensu
764 559 867 604 omues
889 541 919 604 id
939 542 1076 624 tradunt,
1105 548 1205 628 priua
1220 564 1277 612 ee-

89 643 208 706 clesiae
237 640 431 706 Christianae
459 641 651 704 fundamenta
680 621 792 706 iecisse
815 641 1014 705 Adaeums
982 640 1032 726 (si
1053 643 1278 732 Thaddaeum),

88 761 179 804 unum
208 761 226 804 e
260 741 348 805 LXX
379 735 554 821 discipulis,
585 745 659 821 post
680 745 886 806 ascensionem
907 742 1022 808 Christi
1045 746 1083 817 od
1104 735 1275 834 Abgarum,

87 845 230 908 Edessae
259 861 384 924 regem,
416 844 556 921 missum,
588 844 638 926 qui
660 841 819 923 Airgarori
838 823 1043 929 plurimosque
1064 848 1202 912 Edessae
1224 851 1274 910 iu-

88 947 179 1009 oolas
201 943 309 1026 (etiam
326 942 478 1042 ludaeos]
501 944 539 1004 ad
563 944 651 1006 iidem
671 949 850 1026 vocaverit,
872 950 904 1010 et
927 948 964 1009 ab
987 941 1095 1036 itinere
1116 950 1146 1011 iu
1161 947 1273 1014 Orien-

89 1051 154 1108 tem
184 1065 333 1112 reversus
354 1031 476 1105 ibidem·
497 1048 618 1106 mortem
651 1045 761 1109 obierit
793 1045 971 1138 (secundum
1000 1049 1145 1132 quosdam
1176 1053 1274 1115 inter-

92 1149 197 1210 iectus
221 1147 259 1208 alr
282 1145 403 1223 Abgari
425 1145 485 1206 filio
510 1150 540 1210 et
561 1166 742 1210 successore
765 1147 912 1232 ethnico).
957 1147 1052 1215 Cuius'
1075 1149 1175 1214 Adaei
1197 1154 1273 1215 duos

89 1251 200 1312 iterum
223 1247 388 1328 discipulos
411 1247 572 1310 celebrant·
587 1249 677 1329 Syri,
699 1249 863 1328 Aghaeum
884 1255 916 1314 et
932 1227 1054 1332 ιιιιιιιι,
1076 1253 1156 1329 iilum
1169 1253 1272 1317 ildes-

89 1370 146 1414 sae
175 1353 252 1432 post
277 1348 626 1438 Adaeum-‘episcopum
654 1354 687 1415 et
708 1355 887 1430 martyrem,
917 1352 995 1416 inuno
1013 1353 1136 1433 primum
1158 1351 1272 1418 Soleu-

88 1455 160 1516 eiae
183 1451 367 1534 Apostolum
397 1454 429 1514 et
457 1451 668 1531 patriarchalis
692 1455 775 1515 sedis
799 1453 965 1515 custodem.
1009 1453 1056 1516 ida
1078 1455 1180 1516 aetate
1203 1456 1271 1516 tre-

92 1557 201 1617 centas
222 1536 389 1632 sexrr‘giuta
410 1554 439 1614 in
462 1551 587 1636 Oriente
611 1556 787 1620 exstructas
809 1570 880 1616 osse
904 1553 1206 1632 eeclesiae-tradunt.
1257 1569 1269 1588 ·

192 1675 238 1767 At
266 1713 345 1771 vero
373 1699 450 1769 liae'o
481 1705 519 1766 de
542 1675 674 1784 Ahg'aro
703 1725 781 1787 rege
804 1711 836 1770 ei
858 1677 1024 1771 Seleucida·
1038 1708 1113 1770 sede
1134 1669 1270 1790 patriar·

91 1808 167 1870 chaii
196 1808 278 1870 dieta
307 1808 364 1868 vix
391 1807 470 1870 satis
500 1804 646 1890 proheta,
682 1810 738 1872 sed
764 1811 858 1888 digna
880 1811 966 1890 suut,
996 1828 1075 1892 quae
1099 1807 1270 1872 accuratius

90 1927 308 1988 examinentur.
352 1924 502 2002 augarus
525 1925 576 1986 ille
585 1926 705 2008 ,miger
730 1893 888 2020 (Mol)
920 1919 1101 2026 appellatus
1116 1922 1188 2008 (per
1211 1941 1269 1986 ao-

90 2028 239 2110 tiplrrasiu
269 2028 358 2106 putat
376 2026 459 2086 Bar·
443 2022 649 2107 -llehraeus‚
680 2047 768 2111 quum
769 2029 874 2110 lepra
895 2029 1025 2090 iniectus
1045 2004 1269 2108 ιιιιιιιιιι)ι·ι-

91 2147 209 2210 guasse
225 2128 334 2190 dicitur
356 2124 548 2190 aunistl-
571 2126 667 2210 sep.
686 2129 756 2200 Chr.
771 2127 811 2212 ¹).
855 2127 929 2214 Quis
955 2145 1031 2189 vero
1046 2130 1111 2208 est,
1134 2123 1185 2212 qui
1202 2109 1268 2188 eiua

92 2234 129 2296 ad
160 2230 312 2297 Christum
354 2232 387 2292 et
411 2227 525 2300 Christ!
551 2215 711 2311 adipsum
739 2231 827 2293 datas
855 2229 1005 2312 epistolas
1034 2229 1185 2316 genuinas
1210 2225 1268 2288 lra-

91 2328 182 2394 heat!
205 2329 353 2408 Constat,
375 2328 496 2408 Abgari
516 2347 715 2394 sruccessorea
735 2333 880 2414 simulque
902 2331 1040 2394 lidessae
1062 2331 1178 2396 incolas
1196 2330 1267 2390 ido·
1350 2405 1357 2410 ,

91 2433 199 2498 latriae
229 2433 317 2494 etiam
343 2447 426 2492 saec.
456 2431 495 2494 ll.
524 2433 662 2496 addioto's
690 2435 785 2511 inisse
802 2429 845 2516 ²).
897 2434 994 2498 Simili
1023 2435 1111 2499 modo
1141 2433 1171 2494 in
1193 2430 1268 2492 urire

92 2534 233 2600 Seleucia
261 2534 358 2594 series
380 2534 611 2614 episcoporum,
643 2552 731 2616 quam
755 2554 773 2598 a
794 2535 882 2598 lilare
904 2535 1066 2616 Hehraeh,
1096 2533 1196 2596 Adaei
1217 2531 1267 2592 di-

92 2635 250 2716 scipulo‚
260 2634 453 2715 auspicantur
478 2635 570 2714 Syri,
593 2655 698 2705 manoe
722 2640 754 2700 et
774 2637 876 2700 mutila
896 2640 954 2722 est.
998 2635 1120 2700 Obiisse
1143 2632 1194 2696 ille
1217 2629 1268 2692 di·

93 2739 170 2800 citur
188 2753 264 2796 anno
281 2733 352 2812 Clp.
365 2732 435 2807 ’;82
461 2737 493 2798 at
513 2736 656 2818 deinceps
678 2739 703 2798 si
728 2738 868 2800 conteras
883 2715 1060 2818 catalogum
1072 2730 1267 2802 Patriarola-

92 2858 155 2902 rum
186 2855 212 2898 s.
242 2833 482 2916 Catholieorum,
512 2838 549 2921 alr
578 2837 654 2908 los·
646 2837 785 2920 ·Aloys.
803 2815 980 2924 Assenrano
1010 2815 1138 2927 editum,
1163 2835 1267 2916 primis

93 2941 164 3020 posi
176 2933 328 3004 Christum
351 2936 483 2998 sacculis
503 2910 637 3002 lacunae'
650 2940 842 3018 reperiuntur
862 2917 944 3024 nullo
964 2939 1052 3000 modo
1066 2933 1266 3016 supplendae,

94 3039 340 3103 dissentientibus
370 3039 459 3100 etiam
488 3037 567 3100 inter
597 3057 632 3100 se
658 3039 688 3098 iu
718 3041 812 3102 variis
839 3037 992 3117 catalogis
1016 3031 1074 3122 [ci.
1094 3037 1116 3098 i.
1140 3056 1167 3100 o.
1191 3051 1267 3116 pag.

93 3141 144 3226 o.)
175 3133 315 3204 annorum
336 3141 465 3200 numeris
487 3139 524 3200 ad
527 3115 662 3224 Papam
685 3159 797 3240 usque,
826 3141 877 3224 qui
898 3141 1035 3224 tempora
1060 3137 1187 3204 Concilii
1207 3135 1267 3198 Ni·

94 3243 179 3306 eaeui
210 3241 309 3320 uixit,
341 3259 400 3322 quo
423 3241 596 3305 Simeonem
611 3245 649 3316 et
669 3241 851 3306 Saadostum
875 3243 1000 3322 legatos
1021 3243 1110 3304 misit.
1152 3235 1217 3302 Sed
1240 3238 1267 3298 si

95 3346 277 3422 dubitamus,
311 3344 405 3423 primo
435 3345 493 3406 iam
521 3342 644 3405 saeculo
670 3344 807 3407 lidessae
829 3344 958 3424 regulos
983 3343 1174 3410 Christianae
1197 3338 1267 3400 iidei

96 3445 231 3508 addictos
251 3445 284 3505 et
304 3443 536 3525 patriarchalem
556 3443 659 3518 sedem
673 3445 834 3524 Seleuciae
851 3447 1037 3530 exstructam
1051 3445 1165 3521 inisse,
1185 3439 1267 3502 nullo

94 3551 192 3610 tamen
214 3544 302 3606 modo
325 3547 516 3610 dubitandum
538 3549 606 3624 est,
636 3547 707 3627 quin
729 3548 931 3628 livangelium
953 3547 1072 3610 etiam
1064 3563 1094 3606 ιιι
1116 3542 1267 3626 Mesopo-

95 3649 183 3711 tamia
211 3650 244 3709 et
264 3645 397 3726 Assyria
425 3647 477 3708 illo
507 3651 643 3728 tempore
665 3649 869 3740 praedicatum
892 3651 924 3712 et
944 3647 1094 3710 ecclesiae
1116 3642 1267 3706 Christia-

94 3767 194 3811 norum
228 3747 305 3810 satis
331 3747 443 3812 multae
473 3749 613 3868 conditae
638 3748 759 3811 inerint
803 3749 845 3812 Ut
872 3765 950 3810 vero
971 3748 1010 3810 ad
1032 3747 1143 3808 statum
1163 3739 1268 3806 eecle-

196 4047 356 4119 nitamur,
381 4045 443 4102 hist.
468 4043 610 4102 Osrhoeua
628 4064 691 4120 pag.
711 4054 786 4110 95-
753 4053 852 4108 -.125
886 4009 1213 4122 suncampumomem
1196 4043 1269 4098 illam

94 4133 138 4186 uin
157 4138 256 4187 rectam
275 4147 335 4186 osae
354 4137 450 4202 postea
469 4131 626 4186 ridebimus.

195 4230 229 4298 2)
195 4227 336 4286 2Ειιιιιιι
353 4227 496 4302 Ephraerni
512 4234 633 4298 tempore
646 4229 845 4288 Edesseuoruu
858 4230 980 4300 plerique
998 4222 1272 4283 crassissimam.

94 4312 172 4383 liphr.
191 4317 275 4370 ritann
292 4329 336 4384 ap.
355 4314 456 4368 Assem
477 4312 507 4368 ii.
528 4311 560 4368 0.
579 4305 600 4369 i.
