3006 5004
1243 282 1308 352 215

108 448 144 510 in
170 445 465 528 desertossoetensl.
508 445 672 516 uiolentae
685 449 809 528 primum
828 451 860 510 et
872 448 931 528 lnai
943 447 1074 530 Syrlaoe
1087 451 1236 532 legebant
1246 457 1304 518 lti-

113 555 191 632 lolia,
214 553 324 632 postea
338 565 467 629 prorsus
482 549 659 618 abiecerunt
676 551 830 632 antiquum
845 567 1023 631 sermonem,
1044 553 1170 632 linguae
1185 555 1302 620 Areli-

114 674 174 718 cae
189 652 317 716 assueti.
335 649 513 720 ‚Maronitis
528 645 658 736 denique
671 654 701 716 in
713 655 814 716 moute
827 651 942 716 hiltano
960 651 1095 718 Arabica
1106 655 1213 736 lingua
1228 659 1302 720 vul-

113 739 210 834 garis,
220 757 289 828 esta
309 753 466 820 recitatur,
478 756 576 816 temen
591 752 751 837 Scriptura
766 755 915 834 Syriaco,
935 756 1038 820 addita
1050 749 1300 838 interpretatione

113 859 251 920 amnica
270 853 311 938 Ι),-
327 857 417 938 atque
434 855 463 914 lo
477 856 668 921 monasteriis
681 857 805 935 linguae
819 856 967 935 Syriacae
981 876 1055 918 urus
1070 862 1103 924 et
1118 861 1299 944 exercitatio

111 973 262 1041 nunqnam
283 955 410 1039 prorsus
423 957 547 1022 lateat.
591 957 692 1043 Quare
711 960 768 1021 uix
781 959 839 1020 luit
852 956 949 1021 Asiae
961 975 1107 1042 regnum,
1124 963 1298 1043 provintia,

112 1061 232 1141 insula,
255 1061 305 1120 ubi
326 1062 450 1140 reperta
469 1077 529 1120 non
552 1061 593 1122 sit
611 1043 743 1150 Syriam
766 1059 806 1122 N·
827 1058 867 1122 Τ.
893 1060 1010 1130 verrio·
1027 1064 1245 1146 antiquissima.
1277 1071 1279 1080 ’

218 1162 358 1226 Saeoulo'
389 1161 520 1226 Christi¹
546 1163 663 1229 deoimo
705 1165 815 1240 sexto,
845 1160 943 1244 'quod
985 1164 1111 1228 omnium
1150 1168 1296 1236 terrarum

112 1267 216 1334 alitus
246 1265 388 1344 Europae
426 1265 562 1346 aperuit,
601 1284 678 1346 opes
708 1265 903 1346 undiquaque
934 1262 1063 1328 attexit
1093 1268 1183 1348 atque
1214 1269 1295 1350 quod

113 1369 274 1441 maximum
311 1369 362 1428 est
396 1353 551 1428 doetrinae
588 1369 734 1450 uitaeque
769 1357 998 1428 renovationem
1015 1363 1196 1452 ,firasirim
1238 1367 1295 1432 lroe

113 1473 236 1553 inquam
276 1467 411 1532 saeculo·
440 1466 538 1530 llilalia
581 1488 702 1551 quoque
735 1451 866 1549 Syriaca
905 1467 1088 1534 ornatarum
1126 1469 1193 1552 orlei
1227 1473 1294 1550 pri-

114 1591 193 1646 mum
225 1570 335 1634 tradita
360 1573 432 1632 suut
448 1570 683 1654 ,laetissimoque
705 1570 855 1651 applausu
876 1565 1062 1654 oeeepto.²).
1085 1563 1201 1636 'lirant
1224 1573 1294 1654 qui-

111 1674 183 1744 rlem
216 1678 285 1736 aule
317 1671 535 1752 leoninarum,
569 1673 815 1744 Nestorlanorum
842 1675 882 1744 et
911 1672 1128 1736 Maronitarum
1160 1672 1294 1737 nonnulli

115 1777 240 1846 Romam
271 1776 424 1856 ingressi,
461 1779 582 1857 paetum
598 1851 601 1857 Ι
616 1778 683 1844 erat
710 1793 776 1840 oum
804 1773 1010 1838 Orientalibus
1039 1774 1167 1854 laelius,¹
1202 1774 1292 1840 elatat

114 1870 285 1970 multorum·
310 1875 584 1961 contemnerent),
626 1877 856 1959 praedicatores
894 1868 927 1942 et
958 1877 1053 1942 nuntlt
1080 1895 1117 1940 eo
1145 1880 1291 1966 terrarum

113 1977 269 2056 ablegati,
304 1978 362 2040 saul
395 1979 477 2042 nulla
515 1979 612 2042 adhue
643 1980 769 2058 linguae
797 1978 949 2060 Syriacae
982 1978 1170 2043 familiaritas
1204 1997 1291 2042 oom-

113 2083 222 2160 parata
259 2083 337 2142 erat.
388 2079 496 2162 ltaque
530 2083 643 2162 primus
672 2081 783 2144 littaris
811 2081 949 2168 Syriacis
979 2081 1009 2144 in
1037 2080 1161 2160 lluropa
1186 2078 1293 2140 imbu-

113 2186 164 2244 tus
192 2183 242 2242 est
264 2181 407 2246 Theseus
428 2181 628 2264 Ambrosius,
650 2183 723 2258 iuria
746 2183 901 2245 consultus
926 2175 1216 2266 (uenenarium),
1240 2179 1290 2258 qui

113 2283 282 2360 magistros
314 2281 419 2344 habuit
457 2282 596 2348 Aeurium
631 2283 792 2365 loseplrun
827 2285 1036 2372 sacerdotem,
1075 2282 1186 2346 Mosen
1224 2300 1291 2343 mo-

114 2383 240 2446 nachum
273 2383 428 2450 liaeonnm
461 2389 496 2472 et
521 2386 617 2448 Ellam
644 2385 905 2472 hypallaeonum,
939 2391 1093 2470 tempores
1106 2385 1218 2450 Leonis
1247 2382 1288 2445 X.
1328 2422 1333 2426 -

113 2487 240 2564 legatos
262 2503 303 2546 ex
317 2483 411 2564 Syria
433 2487 470 2548 erl
485 2488 641 2552 oonoiliuru
659 2489 867 2552 lateranense
883 2489 1003 2552 missos.
1048 2488 1183 2573 Quooum
1198 2484 1292 2550 Wil-

114 2588 281 2652 manstadio
302 2587 458 2654 Bononiae
482 2607 654 2669 congresso
676 2607 752 2656 anno
778 2587 892 2668 lnam,
922 2587 1064 2652 Theseus
1087 2589 1189 2650 aetate
1212 2603 1289 2665 pro·

116 2691 226 2750 veetus
249 2731 270 2768 „
278 2687 393 2770 hospes
401 2735 419 2772 ‚
441 2693 537 2774 inquit
557 2692 779 2781 ingemiscens,
808 2690 981 2772 peregrinis
998 2688 1048 2752 luis
1069 2689 1179 2758 sturlo
1201 2686 1291 2752 derli-

116 2793 164 2852 tus
188 2810 253 2852 sum
276 2793 360 2854 annia
381 2788 502 2857 eireitei·
522 2795 689 2878 quinl'eoim
712 2792 1037 2876 eaquesineaemulo
1059 2792 1097 2857 at
1118 2791 1195 2854 huno
1215 2791 1291 2856 diem

115 2895 225 2960 amavi.
269 2893 387 2958 Utinam
416 2884 562 2960 obveniat
591 2895 659 2958 nuilri
683 2894 843 2976 aliquando
861 2893 985 2974 ,promto
1003 2876 1175 2972 {aratoque
1197 2890 1292 2966 inge-

115 2998 166 3058 nio
197 2997 261 3075 vir,
294 2997 343 3078 qui
373 3005 541 3059 sermonem
565 2997 644 3060 lruuo
665 2991 736 3057 lesu
759 2993 873 3061 Christi
893 2994 1075 3058 sanctissimi
1097 2992 1192 3054 labris
1214 3007 1292 3054 eon-

115 3100 265 3160 seeratunr
294 3101 430 3178 posteris
461 3104 600 3180 tauquam
628 3113 684 3177 per
714 3087 816 3156 marius
846 3097 1022 3158 tradendum
1050 3131 1085 3140 —
1115 3091 1184 3156 nam
1207 3093 1293 3156 aetas

115 3198 184 3260 mili
211 3217 308 3282 prope
337 3203 451 3262 exaeta
470 3202 533 3262 est
558 3235 596 3244 -
625 3214 713 3259 ame
735 3197 876 3277 accipere
900 3194 1063 3283 vellt⁴).“
1105 3196 1224 3272 Nastos
1244 3197 1294 3258 eat

115 3319 214 3364 senex
240 3303 338 3384 ipsum
358 3300 520 3386 Albertum
543 3298 814 3362 Widmanstalium
842 3299 866 3362 1.
890 3299 947 3381 0.,
977 3299 1156 3374 Senatorem
1179 3299 1293 3380 postea

115 3403 247 3482 lteglur'u
270 3407 303 3466 el
324 3400 471 3468 Austrlae
493 3401 729 3484 Caueellarium,
763 3401 957 3484 Syriaearum
977 3405 1145 3468 litterarum
1165 3416 1292 3482 promo·-

122 3569 323 3580 unm-

221 3697 252 3766 1)
269 3649 409 3752 ltaneurlot
425 3697 532 3769 Liturg.
551 3697 654 3751 Orioni.
671 3711 735 3768 pag.
753 3701 796 3776 on.

221 3795 253 3863 2)
277 3793 316 3860 no
340 3796 503 3852 editionibus
521 3795 554 3848 N.
573 3793 606 3848 Τ.
625 3793 730 3863 Syriaci
755 3800 881 3865 egerunt:
907 3791 1006 3865 Georg.
1023 3791 1111 3848 Erdm.
1128 3789 1244 3862 Vogtius
1262 3789 1295 3846 de
1383 3786 1384 3797 ¹

118 3895 188 3934 vers.
207 3877 239 3934 N.
259 3879 291 3934 Τ.
310 3879 371 3950 Syr.
397 3881 462 3935 diss.
482 3878 563 3934 lenae
581 3882 658 3936 1670.
675 3879 785 3947 (retusa
802 3883 829 3934 iu
846 3879 887 3936 lo.
906 3877 1027 3934 Oelriolrs
1046 3877 1206 3934 Germaniae
1224 3877 1295 3932 liter.

120 3961 233 4034 Opuseo.
257 3961 291 4018 ll.
318 3964 385 4019 taso.
412 3966 451 4034 5.)
475 3963 507 4022 ll.
525 3963 633 4028 Simon,
659 3961 797 4019 Selraalius
822 3967 851 4020 in
868 3966 954 4036 prael.
973 3965 1099 4020 editionis
1117 3977 1199 4028 auae,
1224 3961 1244 4016 l.
1262 3959 1294 4014 D.

119 4045 261 4102 llieluaelia
285 4050 315 4102 in
332 4049 433 4107 introi.
451 4053 479 4104 lu
504 4047 536 4102 N.
561 4046 609 4112 Τ.,
643 4045 764 4117 Rogita,
790 4045 962 4126 llollmannu‘s
980 4054 1008 4106 in
1026 4055 1143 4106 tractatu
1161 4047 1196 4102 ‹le'
1212 4043 1295 4116 Syro-

120 4139 177 4184 rum
193 4130 378 4202 Serlptorilaua
395 4133 565 4203 (Bortlrolrlt,
590 4130 653 4188 lurit.
671 4131 806 4204 Journal).
834 4151 837 4158 ·
909 4195 912 4204 ⁴

220 4229 255 4300 e)
270 4229 342 4306 nun
362 4229 436 4290 Patr.
452 4233 579 4316 rupag.
600 4237 675 4292 1050.
720 4285 724 4294 .
787 4223 799 4242 ⁸

223 4327 498 4396 vitiumnumerus
516 4336 544 4386 in
563 4330 647 4401 prael.
668 4330 708 4385 ed.
727 4329 820 4387 Vieon.
