2974 5012
189 255 231 320 Ἠ

195 429 226 493 1.·
248 427 298 490 eil.
323 425 378 492 alt.
403 430 480 508 pag.
502 420 597 506 690.)
619 417 922 503 interpretesinlsse
944 418 1047 502 potius
1070 419 1330 484 commentatores
1357 424 1397 482 et

191 511 413 613 paraphrastes
438 529 548 608 putant
569 524 734 606 posteriori
752 523 1082 603 „tomporeiurectom
1110 521 1391 605 qulallebraieac

193 634 318 712 linguae
350 630 460 713 peritia
489 627 676 710 temporibus
705 623 849 712 Antiochi
874 625 991 688 demum
1011 623 1175 706 Epiphania
1206 625 1393 698 hacbuerit3
1471 655 1472 712 p

194 739 294 800 tamen
313 737 346 796 et
359 733 409 794 illl
424 732 615 812 concedunt,
645 733 781 810 tempore
802 727 842 788 N.
862 727 901 789 Τ.
922 729 1018 790 inisse
1040 729 1070 788 iu
1092 745 1262 808 synagoga
1280 729 1392 790 iuter-

193 840 301 918 pretes
322 835 361 898 all
382 837 498 898 textum
517 833 657 896 biblicum
678 815 709 893 in
730 829 1077 922 liuguamtlhallaioam
1099 831 1296 912 uertendum,
1323 850 1391 912 quo
1471 899 1472 928 ἢ

195 955 319 1022 munere
347 939 456 1000 iuncti*
470 939 513 1000 ita
541 936 718 1017 plerumque
746 933 924 1012 videantur,
956 935 989 995 ut
1012 935 1180 1006 sententias
1202 933 1392 1014 Scripturae

196 1040 283 1105 simul
305 1040 499 1120 explicarent
513 1041 546 1100 et
560 1039 839 1101 commentaremur.
883 1035 1069 1124 Exstrnctne
1087 1039 1185 1098 antem
1201 1039 1287 1098 eraut
1301 1039 1391 1098 tem-

196 1161 272 1226 poro
300 1143 341 1204 N.
370 1121 412 1204 'l'-
440 1141 552 1222 ubique
571 1139 760 1217 ludaeorum
780 1155 970 1217 synagogae
994 1141 1026 1199 et
1048 1136 1156 1200 lllores
1177 1137 1281 1202 habuit
1302 1131 1389 1201 κατὰ
1471 1165 1472 1194 l

135 1260 142 1277 ⁶
195 1239 377 1318 πόλιντοὺς
401 1243 610 1325 κηρύσσοντας
631 1233 746 1320 αὐτὸν,
761 1239 796 1306 ἐν
817 1247 885 1318 ταῖς
906 1249 1100 1324 συναγωγαῖς
1124 1233 1200 1305 aar&
1222 1246 1284 1308 uria
1299 1242 1387 1320 σάβ-
1471 1287 1472 1300 ,

196 1355 293 1432 baron
330 1344 632 1429 ἀναγινωσκόμενος
667 1340 758 1426 (aar.
788 1341 852 1423 xl,
885 1341 967 1427 bb).
1018 1343 1159 1408 Aderant
1189 1344 1219 1404 in
1248 1344 1392 1425 qualibet

197 1471 372 1532 synagoga·
401 1449 562 1530 doctores,
603 1447 729 1511 aberant
749 1463 751 1470 ’
768 1448 859 1510 etlam
878 1442 1073 1528 ,ἑρμηνενταί
1095 1449 1294 1528 interpretes,
1336 1451 1390 1531 qui

198 1556 296 1634 begis
324 1553 487 1634 pericopas
509 1550 660 1612 llebraice
674 1549 858 1630 ‘praelectas
880 1549 909 1608 lu
931 1565 1103 1619 sermonem
1122 1549 1175 1612 vel
1198 1549 1387 1614 Chaldaeum
1470 1581 1472 1614 ;

199 1656 253 1716 vel
295 1655 444 1718 Graecum
471 1640 689 1725 transferrent3
727 1653 849 1714 etenim.
874 1651 904 1712 in
936 1655 1043 1732 paucis
1077 1654 1277 1716 tautummodo
1301 1653 1388 1714 llel-
1467 1645 1472 1684 '³

198 1758 372 1822 leuistarum
407 1751 584 1834 synagogis
619 1753 738 1816 Graece
776 1753 894 1830 Legem
933 1753 1042 1818 lectam
1069 1773 1151 1816 ⁴esse
1186 1759 1325 1834 putamus
1342 1753 1385 1839 ¹).
1470 1691 1472 1808 ⁴

197 1857 281 1920 lrlern
310 1859 507 1937 interpretum
535 1873 640 1916 munus
663 1857 692 1916 in
715 1855 856 1918 ecclesiis
876 1857 899 1919 i.
923 1875 951 1918 e.
974 1856 1210 1920 Christianorum
1233 1877 1381 1938 synago-

200 1961 252 2038 gis
276 1963 433 2040 receptum
457 1959 553 2020 luisse
573 1959 643 2021 iude
663 1958 715 2020 vel
739 1959 909 2022 certissime
933 1961 1036 2040 patet,
1068 1959 1148 2040 quod
1168 1960 1197 2019 in
1222 1961 1290 2041 ipsa
1314 1959 1383 2024 (lc-

200 2062 376 2136 rirrtbiorum
407 2061 539 2124 ecclesia
566 2063 778 2142 reapparente&
807 2061 938 2124 meminit
969 2062 1081 2123 Paulus
1115 2058 1157 2143 (l.
1189 2059 1260 2124 Gor.
1292 2062 1383 2143 XV),

203 2167 253 2249 qui
282 2165 336 2226 vel
358 2163 457 2225 aliena
479 2167 654 2226 cousuetam
677 2165 706 2224 iu
728 2161 1058 2241 linguam'transicrre'
1073 2163 1125 2224 vel
1149 2163 1278 2226 obscure
1302 2165 1383 2228 biota

208 2266 366 2348 explicare
395 2266 542 2346 potuerit·
586 2266 702 2329 Exstat
730 2283 850 2352 qupque
873 2267 1070 2336 testimonium
1092 2267 1214 2328 Petrum
1235 2265 1282 2348 [id
1306 2270 1387 2350 quod

202 2369 334 2448 negavit
352 2361 421 2448 olim
444 2366 622 2450 Vitriuga),
650 2367 708 2432 hoc
730 2387 834 2430 munus
857 2369 886 2429 in
908 2347 1058 2446 eeclesias
1080 2363 1258 2443 trausii'sse3
1281 2377 1385 2440 narrat
1469 2387 1472 2480 p

204 2473 280 2534 euim
302 2469 453 2530 Eusebius
482 2471 512 2530 iu
541 2470 619 2534 libro
648 2472 686 2534 ‹le
709 2470 893 2556 martyribus
916 2471 1000 2551 Pal,
1032 2472 1212 2551 Procopium
1236 2475 1384 2554 quendam

203 2577 233 2638 in
256 2572 391 2638 ecclesia
412 2572 495 2634 urbis
518 2573 619 2636 Basan
643 2573 741 2636 tribus
764 2573 935 2634 muneribus
959 2591 1029 2635 esse
1053 2573 1205 2635 iunctum:
1229 2591 1295 2636 uam
1316 2578 1383 2656 pri·

203 2697 281 2758 mum
312 2693 378 2736 eum
403 2673 553 2739 lectorem
576 2677 672 2740 luisse
694 2674 857 2740 Sacrorum
879 2675 1040 2753 librorum,
1071 2674 1178 2737 deinde
1192 2693 1244 2737 ex
1265 2676 1384 2742 Graeca
1471 2657 1472 2712 l

172 2761 174 2768 ’
203 2780 311 2858 lingue
334 2779 371 2848 ,in
398 2774 586 2845 Aramaeam,
606 2779 820 2859 interpretem,
857 2779 946 2840 tertio
977 2778 1104 2860 leuique
1125 2779 1289 2842 daemones
1316 2781 1383 2842 eie-

204 2884 286 2972 cisse
301 2877 344 2964 2).
388 2859 537 2942 Ecclesiis
560 2879 673 2960 Syriae
691 2880 1007 2957 ‘etPalaestiuaeJat
1029 2881 1129 2945 multis
1149 2879 1208 2944 boe
1230 2883 1382 2963 interpre-
1471 2955 1472 2972 χ

86 3027 89 3032 ,
204 2986 243 3047 tis
265 3000 370 3068 munus
393 3000 545 3050 commune
567 2985 664 3046 luisse
685 2985 836 3064 putamus.
880 2981 914 3044 lu
936 2970 1092 3064 plerisque
1111 2983 1230 3065 quidem
1243 2985 1384 3048 ecelesiis

205 3101 336 3148 necesse
364 3101 424 3146 nou
446 3088 530 3164 erat,
561 3088 596 3148 ut
617 3069 974 3170 Apostolcrumtscripta
995 3083 1156 3165 Aramaioe
1178 3087 1382 3150 transferren-

204 3191 274 3266 tur,
294 3187 363 3266 quia
384 3183 492 3262 lingua
508 3184 634 3250 Graeca
656 3189 732 3250 satir
755 3187 890 3248 omnibns
916 3187 1042 3264 cognita
1065 3191 1148 3261 erat3
1178 3188 1264 3251 locus
1287 3192 1382 3252 tamen

202 3286 339 3352 Eusebii,
358 3286 447 3374 morlo
478 3288 589 3354 allatus
619 3290 790 3372 testimonio
822 3292 888 3368 est,
927 3289 1024 3352 luisse
1056 3290 1207 3354 ecclesias
1230 3293 1317 3354 etiam
1338 3293 1381 3354 cis

203 3387 389 3470 Euphratem
420 3389 513 3472 sitas,
545 3393 721 3474 inquorum
745 3393 899 3454 conventu
920 3409 999 3473 quae
1023 3392 1140 3456 Graece
1162 3394 1277 3474 scripta
1298 3398 1382 3472 eraut

205 3492 243 3553 ab
266 3493 433 3570 interprete
456 3493 485 3554 in
500 3493 642 3572 linguam
662 3483 844 3578 ‘hramaeam
867 3493 950 3574 plebi
972 3495 1155 3572 auscultanti
1173 3497 1382 3572 transferenda

204 3597 301 3682 eraut.
328 3593 432 3662 .Hmro
462 3597 562 3676 putem
584 3595 828 3668 consuetudinem
851 3595 1038 3678 ciliciumque
1060 3599 1236 3679 interpretis
1258 3598 1381 3660 maxime

204 3699 234 3760 in
256 3697 295 3760 V.
318 3697 358 3760 Τ.
381 3698 705 3786 primisecolesiarum
728 3697 914 3782 temporibus
934 3696 984 3760 diu
1007 3700 1173 3764 obtinuisse
1187 3689 1382 3780 putamusin-

205 3800 345 3867 terillos
368 3801 573 3882 potissimum,
596 3804 647 3885 qui
669 3801 853 3868 exludaeis'
867 3800 1068 3865 crediderant.
1105 3799 1189 3865 'Erat
1208 3804 1307 3864 autem
1328 3803 1382 3864 iam

204 3903 275 3966 ante
305 3901 455 3967 Christum
474 3905 583 3982 natum
612 3903 725 3981 religio
746 3901 874 3966 Iudaica.
898 3905 1001 3966 mirum
1023 3906 1053 3967 iu
1075 3905 1190 3967 modum
1213 3921 1270 3986 per
1293 3907 1382 3968 totum

209 4027 414 4051 v-——w-——J-

268 4137 270 4142 “
289 4137 292 4144 “
311 4137 341 4204 1)
361 4136 473 4194 Exstant
488 4135 566 4202 ,multi
585 4137 707 4220 codices,
733 4142 760 4192 in
780 4137 876 4209 quibus
895 4122 929 4194 a'd
950 4123 1094 4212 quemlibet
1111 4155 1216 4194 uersum
1235 4141 1318 4195 textui
1334 4139 1383 4196 lle-

135 4297 138 4303 *
205 4220 299 4274 braiao
318 4223 438 4306 subnexa
455 4230 497 4278 esi
514 4223 647 4276 hramaea
665 4221 849 4292 paraphrasis.
952 4243 956 4276 2
1008 4269 1012 4276 .
1216 4235 1218 4240 ’

309 4321 340 4388 2)
360 4322 399 4378 Gi.
418 4321 545 4386 Ruinam,
574 4326 637 4376 aeta
657 4328 801 4394 martyrum
819 4337 882 4393 pag·
897 4329 956 4380 373.
987 4365 995 4376 .
1020 4366 1033 4390 f
