3006 5004
553 1007 730 1079 Liber
752 989 1012 1101 quartus,
1060 1089 1064 1096 Ι

213 1213 294 1303 ‘ite
322 1143 878 1364 versionis'iimpioisinioim
914 1191 1143 1298 auotoritoto
1172 1191 1224 1295 ot
1240 1224 1321 1295 usn.
1377 1200 1382 1209 '

681 1469 890 1483 ..-.-....---·

539 1770 547 1782 ,
633 1713 635 1716 ’
715 1703 859 1768 Gnrffi

271 1861 330 1926 iie'
352 1845 566 1924 versionis
572 1839 801 1941 Syriacae
830 1853 1086 1946 auctoritate
1115 1859 1173 1922 in
1184 1855 1362 1922 rebus

293 2035 298 2042 .
412 2037 484 2082 ,ι
701 1975 873 2040 criticis
961 2018 976 2082 Ι.

283 2135 452 2218 'Quaenam
480 2135 517 2194 Ιἰιι
544 2130 637 2194 rebus
666 2129 779 2192 oritiois
810 2115 976 2195 auotoritas
1006 2131 1141 2216 versioni
1165 2134 1290 2192 nostrae
1318 2133 1376 2194 tri-

197 2237 317 2302 buenda
338 2238 396 2318 sit,
428 2237 478 2298 uiri
502 2228 685 2318 quaeritur,
703 2234 828 2314 primurn
852 2235 1147 2316 circumspiciendum
1173 2237 1222 2298 est
1246 2235 1284 2296 de
1304 2251 1379 2296 an-

120 2389 123 2396 ·
198 2331 406 2436 tiquitatess
422 2333 526 2421 Q'uid
551 2353 646 2414 vero,
676 2335 714 2396 de
737 2337 919 2450 antiquitate
943 2339 1072 2403 dubitari
1095 2331 1239 2428 quaeris?
1267 2335 1377 2398 Nonne

198 2445 303 2510 audire
338 2440 413 2504 tihi
429 2439 585 2504 videbaris
618 2439 740 2502 eritioos
768 2457 872 2502 omnes
897 2459 956 2502 uno
983 2443 1040 2503 ianr
1070 2459 1123 2504 ore
1152 2437 1377 2502 exclamantes:

171 2549 242 2622 ‚En
265 2548 374 2608 testem
402 2527 654 2622 antiquissimum!
681 2542 854 2603 versionem
879 2543 1028 2623 Syrorum
1051 2543 1224 2625 Simpiieem
1246 2560 1376 2606 aeonra-

167 2683 171 2692 ·
197 2651 340 2716 tissimum
368 2647 464 2727 primo
494 2643 548 2706 vei
577 2645 710 2706 seeundo
739 2647 812 2724 port
837 2643 988 2714 Christum
1019 2645 1143 2709 sueonie
1168 2647 1297 2725 iactam,
1324 2645 1374 2705 in-

197 2748 424 2818 taetam'iiIam
460 2749 511 2809 et·
526 2746 689 2826 illibatam,
725 2765 838 2810 summo
861 2751 996 2831 'semper
1030 2750 1130 2811 studio
1165 2747 1246 2828 apud
1273 2747 1375 2827 Syros

197 2853 426 2932 transscriptam
457 2850 489 2911 et
517 2851 689 2928 servatam,
728 2849 813 2911 cuius
843 2849 966 2913 oodioes
993 2851 1072 2917 irand
1101 2851 1191 2934 pauci
1219 2848 1375 2930 habentur,
1411 2843 1414 2850 '

198 2961 249 3042 qui
270 2955 419 3018 Vaticano
446 2953 512 3026 iere
542 2955 574 3014 et
594 2950 820 3042 Alexandrino,
850 2951 1025 3019 clarissimis
1046 2957 1152 3016 textus
1175 2952 1286 3016 Graeci
1307 2971 1375 3014 mo-

198 3059 360 3136 numentis,
384 3057 487 3120 aetate
506 3054 723 3137 aequiparandi
744 3054 797 3117 vei
820 3047 909 3117 eiiam
928 3049 1129 3137 anteponendi
1144 3058 1223 3118 sunt.
1268 3055 1374 3118 Nonne

197 3161 356 3228 timendum
387 3159 455 3236 est,
492 3175 529 3224 ne
550 3175 684 3237 operam
714 3160 747 3220 et
774 3157 872 3220 oleum
904 3155 1074 3240 perdidisse
1087 3157 1280 3256 videamur,
1297 3160 1373 3237 ‘nisi

196 3259 365 3328 oritieorn'm
394 3257 554 3334 suffragia
571 3258 603 3320 et
624 3259 737 3322 iudieia
756 3261 903 3324 aooedant
923 3262 1094 3333 sententiae
1117 3265 1256 3339 nostrae,
1285 3279 1396 3342 qnam·
1501 3291 1502 3294 π

196 3366 235 3427 de
265 3360 416 3424 versionis
437 3343 591 3440 Simplicis
618 3362 812 3444 antiquitate·
819 3365 866 3426 tot
887 3362 1040 3427 tristorieis
1059 3361 1245 3441 argumentis
1264 3363 1295 3420 et
1319 3351 1371 3422 te-

195 3465 342 3530 stimoniis
377 3461 509 3544 probare
544 3464 644 3526 eonati
674 3455 800 3524 sumus²
834 3464 988 3528 Videiieet
1021 3467 1048 3526 si
1081 3466 1156 3527 viris
1190 3462 1239 3545 qui
1267 3464 1371 3524 summi

194 3570 343 3634 irairentur
362 3567 405 3627 in
414 3582 448 3626 re
471 3565 594 3644 oritiea,
620 3565 646 3626 si
669 3564 844 3629 Wetstenio
863 3570 896 3629 et
918 3565 1117 3632 (iriesbaoirio
1139 3565 1226 3628 iidem
1248 3565 1373 3646 habeas,

196 3669 469 3756 desperatum-est
494 3661 537 3729 de
562 3666 667 3729 iahore
695 3671 820 3749 nostro,
857 3673 955 3734 aetum
987 3669 1025 3730 de
1048 3669 1200 3731 versionis
1223 3667 1373 3748 Syriacae

75 3817 78 3824 -
195 3775 351 3838 vetustate
382 3774 414 3834 et
442 3770 566 3848 integra
592 3770 699 3832 forma.
746 3772 946 3834 Praeiverant
971 3772 1046 3833 enim
1068 3771 1227 3849 liuderus,
1251 3769 1374 3833 Grotius

195 3881 228 3938 ot
251 3877 294 3938 is.
337 3873 485 3956 Vossius,
509 3859 619 3958 quiex
640 3890 719 3936 voee
740 3873 989 3957 Quaestionarius
1012 3871 1122 3935 Maith.
1144 3871 1284 3953 XXVii,
1305 3871 1373 3953 65,

195 3974 400 4056 xxviima
421 3977 538 4039 infimae
559 3975 905 4040 Latinitatis·vooabuio
926 3977 995 4041 iuoe
1018 3975 1129 4040 otarius
1148 3976 1280 4038 evictum
1303 3993 1372 4037 esse

125 4117 129 4125 -
195 4080 362 4162 putabant,
398 4079 521 4143 raeouio
550 4080 642 4140 sexto
670 4096 729 4140 non
760 4097 832 4141 esse
861 4082 1057 4162 antiquiorem
1086 4079 1258 4140 versionem
1288 4077 1373 4140 Sim-

193 4183 314 4262 piioem.
360 4178 601 4244 Confirmaverat
628 4197 664 4242 ea
686 4181 723 4256 ¹in
753 4182 892 4261 opinione
915 4182 1057 4246 Vossium
1079 4181 1130 4244 vir
1154 4180 1374 4244 eruditissimus

132 4275 135 4291 ”
193 4283 317 4346 Samuei
347 4282 534 4362 Boehartus,
571 4282 621 4362 qui
639 4269 765 4344 duabus
795 4284 834 4346 ad
864 4284 944 4347 iiium
973 4285 1086 4348 litteris
1115 4285 1195 4348 datis
1227 4301 1269 4346 ex
1298 4300 1373 4363 per-

194 4384 294 4449 multis
325 4385 483 4448 voeabuiis
512 4383 658 4464 Graecis,
691 4401 767 4469 quae
790 4385 820 4448 in
841 4388 996 4471 utriusque
1016 4386 1207 4451 'destamenti
1231 4385 1375 4448 versione
