2974 5012
198 259 239 326 lu

198 439 364 518 nusatque
386 432 583 515 Babyloniam
604 431 632 490 ln
653 429 691 490 V.
712 427 750 490 Τ.
773 428 884 510 ubique
907 427 1053 503 distingui
1069 426 1107 488 ab
1125 423 1242 520 Aram.
1274 424 1378 510 Quare
1469 407 1470 414 ἵ

199 557 298 622 neque
318 538 458 616 Babylon
480 551 576 615 neque
597 533 668 593 orbs
689 527 800 610 magna
824 529 918 590 Ninus
939 528 1108 591 Aramaeac
1127 529 1272 591 dicendae
1296 537 1378 626 sunt.
1469 565 1470 608 n

200 644 275 730 Erat
298 641 417 723 quidem
437 637 538 700 Assur
555 635 690 697 eiusdem
704 637 810 716 stirpis
825 633 909 694 cuius
928 631 1076 710 aramus,
1101 632 1157 692 scd
1173 633 1294 694 exierat
1308 635 1377 697 Ba-

199 745 331 824 bylone,
368 758 454 824 qurum
480 741 614 800 ‘Niniuen
642 738 796 800 conderet.
832 736 993 797 docorum
1024 749 1144 816 qnoque
1164 739 1242 799 ratio
1267 737 1379 818 Assy·
1469 771 1470 812 y

200 839 289 925 riam.
331 844 459 907 Graccis
485 835 669 920 Ἅιουρίαν,
702 841 836 922 posteris
864 838 1233 920 Adiabenomvocatan,
1263 841 1380 903 alile-
1469 833 1470 860 *

200 951 369 1030 sopetamia
388 947 546 1024 disiungit.
597 943 643 1004 lio
667 945 734 1023 ipso
759 943 827 1004 loco
847 932 968 1004 condita
994 943 1062 1000 erat
1085 942 1158 1031 urbs
1181 943 1293 1024 Ninus,
1326 946 1380 1008 ubi

202 1070 243 1112 ex
264 1051 445 1113 Asianorum
468 1047 620 1110 sententia
648 1045 757 1134 Oriens
784 1045 821 1105 ab
843 1043 1008 1106 Occidente
1029 1043 1174 1105 dividitur
1195 1043 1235 1122 ¹).
1288 1048 1379 1111 Haud

204 1156 322 1237 quidem
355 1155 505 1214 immemor
526 1169 599 1211 -sum
618 1143 666 1229 ²),
698 1148 735 1208 ab
763 1146 884 1226 Amira,
920 1146 1091 1208 Assemano
1112 1147 1239 1229 allisque
1260 1149 1381 1212 doctis-

202 1259 284 1319 simis
306 1257 380 1318 viris
403 1255 564 1335 Assyriam
588 1251 751 1332 antiquitus
774 1251 944 1312 Ararnaeae
969 1249 1095 1326 linguae
1118 1254 1150 1312 et
1174 1255 1275 1314 terrae
1300 1273 1381 1333 pro-

202 1361 329 1422 vinciam
359 1358 482 1432 haberir
520 1358 587 1437 ipsa
616 1358 714 1416 tamen
744 1354 931 1435 antiquitatis
964 1354 1103 1430 uestigia
1131 1357 1163 1416 et
1191 1362 1385 1443 monumenta

203 1463 259 1524 vix
284 1463 361 1522 idem
382 1463 470 1523 nobis
492 1457 679 1540 persuadere
702 1457 854 1518 videntur.
896 1454 929 1515 ln
949 1455 1017 1516 loco
1034 1455 1153 1520 lesaiae
1177 1460 1377 1520 vexatissimo

203 1583 229 1625 c.
253 1563 412 1642 XXXVI,
443 1563 495 1624 la.
517 1561 674 1622 hortantur
695 1559 849 1638 principes
872 1557 1047 1619 ludaeorum
1067 1559 1193 1637 legatos
1217 1561 1382 1645 Assyrios,

204 1669 236 1726 ui
257 1681 362 1728 nimau
405 1683 470 1729 cum
500 1665 576 1744 ipsis
598 1661 821 1741 colloquantur.
872 1659 928 1722 Cui
949 1660 1017 1722 loco
1040 1663 1066 1720 si
1091 1663 1148 1723 vim
1168 1665 1306 1727 intulisse
1328 1667 1382 1727 iu-

203 1763 329 1846 dicandi
343 1772 413 1830 sunt
432 1768 470 1846 ii,
497 1767 546 1847 qui
568 1784 632 1827 cum
653 1763 766 1826 Simoni
788 1779 893 1827 affirm
913 1763 1143 1844 „Assyriace“
1168 1771 1305 1849 vertant,
1327 1789 1383 1832 er-

57 1901 61 1910 «
167 1885 171 1889 ’
205 1874 283 1932 roris
314 1891 372 1933 non
404 1872 498 1931 minus
529 1867 706 1946 arguendus
729 1869 779 1927 est
801 1863 1108 1950 Haerernicbius³)‚
1141 1871 1191 1951 qui
1212 1873 1279 1933 inde
1304 1893 1383 1936 con-

206 1975 315 2054 cludit,
351 1975 532 2037 Aranraeam
562 1971 695 2048 linguam
724 1967 866 2048 Assyriis
898 1970 1091 2030 vernaculam
1115 1971 1222 2034 luisse.
1272 1975 1382 2040 Nonne

207 2079 390 2142 clamassent
430 2075 554 2154 ludaei,
605 2078 638 2136 ut
673 2072 847 2152 Assyriace
885 2071 986 2150 legati
1023 2071 1188 2136 oraticnem
1224 2075 1382 2160 haberent,

206 2185 233 2244 si
259 2181 457 2260 Assyriorum
485 2177 636 2257 propriam
668 2175 801 2252 linguam
834 2170 1011 2236 dixissent?
1055 2177 1155 2261 Quare
1175 2183 1288 2242 rectius
1311 2186 1381 2244 sta-

208 2287 329 2345 tucrunt
347 2279 514 2358 (issemus,
541 2279 701 2357 Winerus,
724 2277 794 2357 alii,
824 2276 1022 2357 Assyriorum
1044 2279 1177 2359 linguam
1195 2284 1290 2346 luisse
1308 2283 1383 2346 lile-

208 2387 246 2448 do
256 2421 274 2432 -
286 2382 428 2446 Persicae
444 2384 616 2461 cognatam,
640 2379 812 2441 Aramaeae
822 2383 920 2442 antem
939 2382 1065 2460 linguae
1080 2385 1220 2462 uiguisse
1234 2387 1286 2448 illo
1301 2391 1384 2450 tenr-
1403 2431 1406 2435 -

207 2505 283 2570 porc
306 2504 393 2546 usum
414 2487 473 2546 tam
497 2484 688 2562 divulgatum
712 2486 744 2545 et
768 2501 967 2564 communem,
996 2489 1028 2548 ui
1048 2487 1222 2566 interpretis
1246 2491 1311 2552 iere
1331 2491 1384 2552 le-

210 2608 275 2652 cum
297 2588 375 2649 inter
397 2591 510 2664 gentes
524 2586 651 2653 ‚alienas
673 2584 812 2648 habuerit
825 2582 868 2669 ⁴).
900 2589 1050 2666 'Fuerunt
1069 2589 1137 2650 Nini
1160 2591 1284 2670 plurimi
1300 2612 1384 2654 mer-

210 2696 347 2768 catores,
379 2688 499 2750 multum
529 2689 597 2750 erat
623 2687 766 2768 Assyriis
791 2692 995 2753 commercium
1021 2711 1086 2754 cum
1108 2693 1330 2777 Mesopotamia
1352 2701 1388 2759 et

209 2792 429 2871 Phoenicibus,
461 2791 490 2852 in
520 2793 631 2869 magno
655 2789 843 2854 diuersarum
866 2794 1001 2870 gentium
1020 2795 1145 2875 imperio
1169 2799 1283 2862 omuino
1307 2819 1387 2880 opus

210 2902 277 2960 crat
305 2897 410 2974 lingua
435 2895 561 2977 quadam
585 2894 707 2974 publica
733 2898 764 2955 et
786 2898 949 2974 communi,
977 2895 1053 2957 unde
1077 2898 1187 2960 lactum
1214 2901 1302 2962 lacile
1324 2905 1383 2981 est,

211 3005 245 3062 ut
268 2997 467 3078 Assyriorum
496 2999 547 3078 qui
571 2997 690 3058 nobiles
713 3001 753 3060 et*
767 2997 875 3060 eruditi
897 2998 1080 3065 haberentur
1103 3020 1161 3063 non
1184 3005 1278 3066 minus
1299 3004 1386 3066 Ara-

211 3103 304 3164 maice
326 3099 523 3182 loquerentur
546 3103 637 3180 atquc
656 3097 831 3162 ludaeorum
853 3103 1008 3182 principes
1029 3101 1105 3167 hanc
1130 3105 1262 3182 linguam
1291 3108 1386 3169 intel-

210 3203 365 3282 ligebant,
396 3218 474 3281 quae
496 3202 594 3262 tamen
618 3206 737 3282 captum
760 3203 848 3282 vulgi
872 3204 1050 3264 excederet.
1101 3205 1298 3281 Assyriorum
1323 3205 1385 3264 lin-

212 3327 303 3388 guam
320 3303 592 3372 bledo-Persicae
614 3305 740 3368 similem
757 3308 870 3384 luisse,
895 3305 1049 3381 colligitur
1071 3306 1197 3365 maxime
1219 3324 1261 3366 cx
1286 3309 1386 3368 nenni-

213 3474 415 3486 „.....-....—-.

318 3593 347 3660 1)
373 3591 473 3644 Assem.
494 3591 525 3645 B.
545 3590 576 3648 0.
596 3593 629 3648 ll.
649 3609 674 3662 p.
693 3596 753 3652 248.
771 3596 831 3647 251.

316 3689 348 3757 2)
371 3687 534 3744 Assemanus
557 3694 676 3763 linguam
701 3691 838 3761 Syriacam
863 3696 941 3744 uocat
959 3692 986 3741 in
1005 3691 1120 3760 maximo
1138 3695 1200 3748 olim
1218 3695 1390 3766 Assyriorum

213 3781 239 3830 ct
263 3773 458 3828 Chaldaeorum
482 3779 594 3846 imperio
620 3775 755 3830 florentem
778 3783 804 3830 et
822 3775 855 3828 ad
874 3789 1000 3828 summam
1019 3778 1217 3846 amplitudinem
1235 3787 1262 3834 ct
1279 3781 1390 3850 elegan-

212 3863 276 3914 tiam
302 3859 471 3928 perductam;
502 3863 635 3915 incarnati
659 3867 753 3929 postea
772 3859 892 3912 Numinis
912 3865 938 3912 ct
958 3877 1013 3914 eum
1035 3860 1186 3918 hominibus
1205 3871 1391 3922 conversantis

214 3961 262 3999 ore
280 3951 479 4010 consecratum,
503 3945 641 4014 Apostolis
662 3945 819 3997 familiarem
840 3949 890 3998 etc.

318 4044 349 4112 3)
374 4041 481 4100 Einleit.
498 4044 526 4110 l,
548 4053 574 4100 1.
594 4061 620 4113 p.
638 4047 680 4100 96,

318 4143 350 4211 4)
377 4141 475 4197 Mirum
500 4157 565 4195 sane
590 4147 647 4206 est,
674 4139 744 4210 quod
772 4143 848 4209 regio
876 4143 1006 4211 quaedam
1029 4143 1158 4214 Assyriae
1176 4150 1287 4217 proprie
1305 4147 1394 4202 dictae

216 4241 287 4312 apud
306 4241 439 4298 Merulam
458 4221 475 4296 a
492 4243 567 4312 Syris
586 4239 764 4308 scriptoribus
777 4223 886 4318 1323]
907 4231 990 4306 Ag)
1011 4244 1115 4301 dieitur.
1151 4247 1283 4320 Linguam
1299 4247 1394 4317 Syria-

217 4359 273 4398 cam
296 4348 323 4398 in
341 4346 478 4400 Adiabene
496 4347 593 4410 postea
611 4341 748 4410 uulgarem
767 4342 866 4411 luisse,
892 4349 959 4399 satis
978 4352 1092 4406 constat.
