3006 5004
236 319 299 387 teti

235 497 338 578 ponet
388 490 490 576 Quare
527 491 553 555 st
593 486 839 552 nittoxentmao
873 499 938 550 oum
975 485 1113 570 Simpiiei
1150 489 1309 570 conteras,
1339 486 1423 552 haee

235 597 355 680 paidom
386 593 511 655 liberior
536 595 586 655 est
613 595 762 654 nentem
796 590 895 653 rabo
916 583 1207 672 quani'sententiam
1230 592 1421 673 exprimens,

235 699 290 761 sed
326 695 536 760 consuetudini
558 695 714 756 sermonis
742 693 868 774 Syriaci
899 683 1142 774 accomodatius,
1180 694 1355 774 elegantior
1388 698 1421 756 et

236 800 392 864 intelieetn
418 797 678 870 meliorantium
705 795 759 859 iiia
780 798 860 859 enim
881 799 943 860 tarn
963 795 1090 860 servilis
1112 797 1163 858 eut
1180 796 1210 857 in
1226 811 1420 877 repraesen-

236 901 328 967 tanda
360 900 474 964 tiraeot
499 903 706 963 tentassem
735 901 769 962 et
796 879 1024 962 remotissima
1047 897 1176 976 'eiigie‚
1211 901 1246 962 nt
1277 915 1418 962 sexenn-

236 1008 296 1068 ties
324 1003 475 1084 Syriacae
500 1001 626 1080 linguae
655 1001 749 1083 teges
777 1004 809 1064 et
837 999 969 1080 gorsiam·
988 999 1086 1064 vioiet
1113 1003 1148 1064 et
1172 1016 1258 1084 ,novo
1286 1001 1417 1084 ιμιιᾶιιιι

236 1107 384 1170 barbarie
413 1103 537 1180 nigrae
559 1083 911 1188 obtrudere—expresse
940 1103 996 1165 nix
1015 1102 1151 1180 'intelligi
1173 1104 1274 1182 possit
1292 1103 1417 1164 nisiex

236 1213 325 1272 texta
351 1206 492 1285 thraso,
524 1223 613 1288 poem
642 1206 722 1268 vuit·
738 1207 944 1288 interpretari.
965 1197 1088 1291 'Quare
1113 1209 1198 1268 reete
1222 1206 1340 1267 omnine
1364 1206 1420 1266 iu-

236 1313 374 1375 dioarsnt
403 1309 463 1370 viri
492 1308 591 1388 dotti,
626 1293 767 1370 mannent
796 1325 869 1371 esse
896 1309 984 1370 haias
1012 1307 1164 1371 versionis
1187 1307 1353 1376 utilitatem
1377 1309 1417 1371 ad

236 1431 299 1477 rem
328 1413 481 1491 oritieam,
512 1425 597 1494 qoam
626 1411 665 1472 ad
693 1408 835 1478 librorum
863 1427 1017 1475 sacrorum
1050 1411 1275 1490 expositionem
1298 1413 1330 1472 et
1352 1405 1418 1472 lin·

236 1533 327 1596 gnam
355 1515 517 1594 Syrieeam
549 1513 743 1587 demotum
779 1515 892 1578 etenim
925 1513 1142 1584 restitutione
1169 1516 1275 1594 potest
1304 1531 1347 1575 ex
1378 1532 1420 1576 en

235 1623 339 1682 tentas
367 1617 505 1680 Graecus
534 1629 640 1676 eornm
662 1615 896 1697 exemplarium,
936 1632 1014 1698 pune
1042 1617 1183 1698 mquam
1200 1617 1247 1677 soi
1267 1619 1419 1698 temporis

203 1761 208 1770 ·
228 1719 462 1784 eorrectissima
483 1716 618 1800 Thomas
638 1721 765 1780 semim
784 1721 849 1780 este
887 1717 977 1781 iiam
994 1733 1073 1780 vere
1091 1735 1182 1780 esrae
1205 1718 1338 1801 iideipae
1356 1735 1418 1779 sa-

235 1821 505 1904 porabandaatiain
543 1815 649 1882 merito
686 1819 713 1880 si
744 1821 907 1902 vituperes
934 1820 964 1882 iu
993 1819 1133 1902 Thoan,
1162 1824 1344 1892 esttamen
1377 1837 1419 1893 eo

234 1921 419 2003 laudandus,
456 1919 535 2005 qnod
564 1941 623 1985 nen
653 1923 914 2001 diligentissimum
943 1922 1059 2004 solum,
1089 1923 1145 1986 sed
1171 1925 1260 1988 etiam
1280 1924 1415 2006 pruden-

235 2031 295 2090 tem
325 2027 355 2088 in
384 2027 556 2114 universum
585 2029 618 2090 et
649 2025 789 2090 Graecae
818 2021 943 2106 linguae
972 2027 1050 2088 sutis
1070 2028 1198 2108 peritum
1219 2029 1415 2108 interpretem

135 2193 145 2204 ,
214 2147 271 2212 ‚se
294 2129 502 2211 praestiterit,
525 2129 602 2190 idem
626 2131 692 2191 iere
714 2130 792 2192 inter
815 2128 916 2209 Syros
938 2129 967 2191 in
990 2127 1029 2190 N.
1054 2128 1094 2190 T.
1111 2133 1310 2211 prorreoutu,
1335 2128 1416 2211 quod

234 2231 348 2315 Aquita
382 2231 412 2292 in
442 2229 482 2292 V.
510 2231 551 2292 T.
589 2231 668 2294 mter
695 2231 837 2296 ludaeos.
884 2230 969 2294 Haeo
1008 2235 1109 2294 eutem
1140 2234 1262 2316 sepeio,
1298 2233 1414 2296 ettamsi
1441 2217 1446 2228 ’

233 2335 350 2396 erroris
375 2332 509 2395 eonuiett
540 2335 611 2395 snat
624 2329 672 2417 ¹),
702 2335 753 2416 qai
781 2336 811 2396 ia
840 2335 939 2396 saeris
964 2333 1094 2416 pobiiois
1114 2333 1171 2422 hep
1193 2319 1414 2398 versione‘in-

234 2437 352 2520 nobitas
376 2435 423 2497 ati
454 2435 690 2518 contenderunt,
729 2441 818 2500 nacta
847 2437 947 2498 tamen
978 2439 1027 2498 est
1053 2435 1133 2500 hand
1163 2440 1307 2518 exiguam
1333 2438 1414 2519 opud

229 2538 304 2600 iilos
333 2538 440 2600 ianam
471 2541 504 2602 et
534 2541 761 2620 auctoritatem,
794 2537 837 2602 ita
867 2541 901 2601 ut
922 2538 1078 2619 plurimum
1102 2541 1299 2622 transscripta
1319 2542 1360 2602 sit
1381 2543 1417 2604 et·

234 2638 331 2706 uariis
361 2639 547 2720 temporibus
577 2635 816 2704 ebocobitarum
850 2641 1025 2704 doctoribus
1048 2641 1184 2706 laudata.
1227 2641 1414 2705 Mentioneor

234 2744 301 2806 eius
331 2743 470 2804 fecerunt
493 2741 621 2806 incubus
646 2744 838 2825 hdessenns,
858 2743 955 2806 Rar-
965 2743 1111 2806 Bairiutus
1132 2747 1176 2808 in
1184 2745 1265 2808 Lex.
1287 2746 1361 2826 Syr.
1381 2749 1416 2810 et

234 2844 415 2927 saepissime
442 2843 531 2905 Bur·
537 2843 699 2908 Hebraeas
728 2847 758 2908 in
790 2849 1010 2912 eemuaeotariis
1025 2841 1071 2928 ².)
1119 2835 1254 2910 Publiois
1286 2849 1412 2909 sanein

232 2947 413 3012 lectionibus
449 2964 506 3009 neo
544 2960 602 3008 non
639 2947 669 3008 in
704 2951 923 3013 commentariis
958 2967 975 3010 a
1011 2947 1185 3038 duetoribos
1214 2949 1412 3015 leoninarum

232 3051 355 3132 seriptis
389 3045 521 3110 adhibita
555 3052 604 3112 est
631 3051 737 3115 versio
769 3055 910 3140 ruthque,
945 3051 1029 3114 cuius
1056 3055 1153 3115 tamen
1174 3055 1343 3116 auotoritas
1364 3053 1412 3114 di-

234 3198 433 3209 ..ψ-...-

337 3281 368 3350 i)
391 3280 431 3334 ci.
457 3283 634 3340 Wisemanum
659 3301 723 3357 pag.
748 3294 806 3346 108.
827 3295 922 3342 eontra
939 3287 980 3342 La
998 3287 1120 3344 Cronium
1139 3289 1324 3359 disputantem.
1359 3287 1412 3342 As-

232 3383 295 3421 sem.
321 3365 353 3420 Β.
380 3363 412 3417 0.
439 3366 471 3422 ii.
491 3385 554 3440 pag.
573 3373 617 3426 24.
654 3372 790 3426 laeobit'ae
809 3372 944 3429 cniusdam
964 3373 1050 3428 toenio
1072 3375 1150 3428 atteri
1166 3373 1341 3435 rosemanus,
1365 3375 1411 3442 qui

233 3453 309 3522 Syris
345 3450 480 3520 omnibns,
516 3453 665 3523 Metehitis‚
699 3455 843 3523 iacebitis,
877 3455 1064 3526 Nestorianis‚
1094 3458 1237 3513 Maronitis
1258 3445 1410 3513 onsibnem

232 3538 451 3592 Philonenianam
473 3541 613 3609 probatam
632 3557 692 3596 esse
711 3544 758 3597 eit.
794 3541 876 3596 Cuius
895 3559 1015 3600 errorem
1034 3551 1129 3598 tanaus
1147 3542 1325 3607 Assemanus,
1352 3545 1410 3611 ipse

229 3627 257 3678 in
289 3623 401 3678 alterum
441 3625 535 3679 inuidit
571 3627 746 3692 affirmando,
784 3629 858 3683 solos
891 3627 1026 3683 Ieeobitas
1058 3631 1210 3684 verstunero
1238 3625 1409 3682 Philoxenia-

230 3724 292 3763 nem
324 3707 431 3779 pubiioo
460 3710 560 3782 tegere
595 3709 708 3778 Exstant
731 3716 820 3766 temon
842 3717 976 3768 versionis
997 3713 1184 3768 Heracleensis
1207 3713 1337 3768 lectiones
1354 3727 1408 3780 pro

230 3793 397 3848 hebdomade
421 3797 556 3863 passionis
582 3799 610 3850 io
637 3803 793 3884 pervetustp
818 3804 845 3852 et
867 3800 1067 3870 eiegantissimo
1086 3797 1294 3868 Evangeliorum
1320 3796 1410 3868 codice

230 3876 355 3934 biblioth
380 3875 510 3946 barben,
537 3881 607 3934 unde
631 3885 724 3936 neseio
742 3897 777 3936 an
777 3869 908 3953 probari
926 3887 1028 3954 possit,
1053 3883 1137 3938 inisse
1155 3880 1287 3975 interdurn
1304 3873 1409 3935 reisio

199 4023 208 4038 ,
230 3977 290 4018 nem
296 3961 406 4015 iiiam
399 3979 427 4016 nr
431 3965 559 4034 'pubtiois
577 3969 663 4021 saeris
682 3967 837 4025 adhibitam.

334 4058 464 4128 2)Bar-
473 4063 611 4118 Hebraeas
636 4067 663 4120 in
688 4065 789 4121 horreo
814 4071 1001 4138 mysteriorum
1019 4065 1140 4136 exempta
1158 4061 1328 4118 (thermiensis
1346 4077 1409 4132 pro-

230 4147 293 4200 tatii
319 4147 415 4212 muita,
447 4161 559 4219 quorun
584 4154 718 4218 speoinen
742 4152 816 4207 dedit
840 4150 1062 4208 Berosteiniusl.
1082 4166 1124 4216 o,
1149 4149 1314 4220 quibusoam
1323 4153 1409 4200 terim

193 4227 200 4234 '
230 4231 317 4285 editus
344 4231 464 4286 eonserri
488 4237 515 4284 et
540 4233 615 4289 unde
633 4240 738 4308 surrigi
762 4240 858 4308 possit.
903 4236 1043 4294 hanno·
1036 4255 1065 4292 nu
1080 4242 1155 4292 testu
1172 4235 1307 4291 nrsienis
1325 4229 1407 4284 tihar-

230 4315 351 4370 themis
353 4325 452 4385 magni
475 4319 516 4368 111
540 4317 662 4376 Meum
685 4321 844 4393 diuersitas,
877 4323 948 4396 quod
971 4327 1051 4380 otton
1069 4322 1185 4378 Adierus
1208 4323 1338 4380 tonant,
1363 4317 1413 4420 nst.

231 4399 337 4455 sedites
351 4399 499 4456 Vatiesrres
517 4403 639 4461 eontutit.
759 4415 766 4454 ἱ
