<?xml version="1.0" encoding="UTF-8"?>
<!DOCTYPE html PUBLIC "-//W3C//DTD XHTML 1.0 Transitional//EN"
    "http://www.w3.org/TR/xhtml1/DTD/xhtml1-transitional.dtd">
<html xmlns="http://www.w3.org/1999/xhtml" xml:lang="en" lang="en">
 <head>
  <title>
</title>
<meta http-equiv="Content-Type" content="text/html;charset=utf-8" />
  <meta name='ocr-system' content='tesseract 3.04.00' />
  <meta name='ocr-capabilities' content='ocr_page ocr_carea ocr_par ocr_line ocrx_word'/>
</head>
<body>
  <div class='ocr_page' id='page_1' title='image "./denovitestament00wichgoog_0027.png"; bbox 0 0 2974 5012; ppageno 0'>
   <div class='ocr_carea' id='block_1_1' title="bbox 192 243 233 308">
    <p class='ocr_par' dir='ltr' id='par_1_1' title="bbox 192 243 233 308">
     <span class='ocr_line' id='line_1_1' title="bbox 192 243 233 308; baseline 0.049 -2"><span class='ocrx_word' id='word_1_1' title='bbox 192 243 233 308; x_wconf 76' lang='lat' dir='ltr'><strong>lu</strong></span> 
     </span>
    </p>
   </div>
   <div class='ocr_carea' id='block_1_2' title="bbox 138 409 1466 3168">
    <p class='ocr_par' dir='ltr' id='par_1_2' title="bbox 190 409 1466 1422">
     <span class='ocr_line' id='line_1_2' title="bbox 192 409 1372 496; baseline -0.005 -20"><span class='ocrx_word' id='word_1_2' title='bbox 192 417 294 496; x_wconf 87' lang='lat' dir='ltr'><strong>gypto</strong></span> <span class='ocrx_word' id='word_1_3' title='bbox 321 412 429 479; x_wconf 83' lang='lat' dir='ltr'><strong>latent.</strong></span> <span class='ocrx_word' id='word_1_4' title='bbox 482 411 513 474; x_wconf 94' lang='lat' dir='ltr'><strong>ld</strong></span> <span class='ocrx_word' id='word_1_5' title='bbox 539 412 636 493; x_wconf 90' lang='lat' dir='ltr'><strong>ipsum</strong></span> <span class='ocrx_word' id='word_1_6' title='bbox 662 415 727 492; x_wconf 91' lang='lat' dir='ltr'><strong>est,</strong></span> <span class='ocrx_word' id='word_1_7' title='bbox 757 413 838 496; x_wconf 90' lang='lat' dir='ltr'><strong>quod</strong></span> <span class='ocrx_word' id='word_1_8' title='bbox 863 411 1015 486; x_wconf 77' lang='lat' dir='ltr'><strong>mirumin</strong></span> <span class='ocrx_word' id='word_1_9' title='bbox 1037 410 1153 474; x_wconf 92' lang='lat' dir='ltr'><strong>modom</strong></span> <span class='ocrx_word' id='word_1_10' title='bbox 1174 409 1372 474; x_wconf 76' lang='lat' dir='ltr'><strong>monumentis</strong></span> 
     </span>
     <span class='ocr_line' id='line_1_3' title="bbox 193 507 1466 602; baseline -0.004 -23"><span class='ocrx_word' id='word_1_11' title='bbox 193 515 323 595; x_wconf 89' lang='lat' dir='ltr'><strong>antiquis</strong></span> <span class='ocrx_word' id='word_1_12' title='bbox 347 518 379 577; x_wconf 90' lang='lat' dir='ltr'><strong>et</strong></span> <span class='ocrx_word' id='word_1_13' title='bbox 401 513 562 580; x_wconf 77' lang='lat' dir='ltr'><strong>traditione</strong></span> <span class='ocrx_word' id='word_1_14' title='bbox 585 519 712 579; x_wconf 83' lang='lat' dir='ltr'><strong>vetusta</strong></span> <span class='ocrx_word' id='word_1_15' title='bbox 739 515 898 600; x_wconf 83' lang='lat' dir='ltr'><strong>probatur.</strong></span> <span class='ocrx_word' id='word_1_16' title='bbox 941 513 1054 576; x_wconf 91' lang='lat' dir='ltr'><strong>Sedem</strong></span> <span class='ocrx_word' id='word_1_17' title='bbox 1073 513 1227 578; x_wconf 86' lang='lat' dir='ltr'><strong>habebant</strong></span> <span class='ocrx_word' id='word_1_18' title='bbox 1250 512 1370 602; x_wconf 85' lang='lat' dir='ltr'><strong>quidem</strong></span> <span class='ocrx_word' id='word_1_19' title='bbox 1465 507 1466 600; x_wconf 67' lang='lat' dir='ltr'><strong>l</strong></span> 
     </span>
     <span class='ocr_line' id='line_1_4' title="bbox 191 607 1466 698; baseline -0.003 -18"><span class='ocrx_word' id='word_1_20' title='bbox 191 618 390 698; x_wconf 78' lang='lat' dir='ltr'><strong>Assyriorum</strong></span> <span class='ocrx_word' id='word_1_21' title='bbox 406 635 501 696; x_wconf 90' lang='lat' dir='ltr'><strong>reges</strong></span> <span class='ocrx_word' id='word_1_22' title='bbox 518 619 547 678; x_wconf 90' lang='lat' dir='ltr'><strong>in</strong></span> <span class='ocrx_word' id='word_1_23' title='bbox 564 620 637 680; x_wconf 89' lang='lat' dir='ltr'><strong>urbe</strong></span> <span class='ocrx_word' id='word_1_24' title='bbox 659 619 756 698; x_wconf 88' lang='lat' dir='ltr'><strong>Nino,</strong></span> <span class='ocrx_word' id='word_1_25' title='bbox 779 621 880 682; x_wconf 87' lang='lat' dir='ltr'><strong>terrae</strong></span> <span class='ocrx_word' id='word_1_26' title='bbox 902 617 1055 680; x_wconf 88' lang='lat' dir='ltr'><strong>adiacenti</strong></span> <span class='ocrx_word' id='word_1_27' title='bbox 1077 619 1261 698; x_wconf 89' lang='lat' dir='ltr'><strong>imperantes</strong></span> <span class='ocrx_word' id='word_1_28' title='bbox 1269 637 1279 690; x_wconf 73' lang='grc' dir='ltr'><strong>ς</strong></span> <span class='ocrx_word' id='word_1_29' title='bbox 1308 634 1371 678; x_wconf 86' lang='lat' dir='ltr'><strong>ex·</strong></span> <span class='ocrx_word' id='word_1_30' title='bbox 1465 607 1466 624; x_wconf 58' lang='lat'>¹</span> 
     </span>
     <span class='ocr_line' id='line_1_5' title="bbox 190 705 1372 804; baseline -0.002 -22"><span class='ocrx_word' id='word_1_31' title='bbox 190 723 370 782; x_wconf 89' lang='lat' dir='ltr'><strong>struxerunt</strong></span> <span class='ocrx_word' id='word_1_32' title='bbox 387 705 425 782; x_wconf 76' lang='lat' dir='ltr'><strong>‘in</strong></span> <span class='ocrx_word' id='word_1_33' title='bbox 454 719 569 798; x_wconf 89' lang='lat' dir='ltr'><strong>angulo</strong></span> <span class='ocrx_word' id='word_1_34' title='bbox 599 720 674 802; x_wconf 88' lang='lat' dir='ltr'><strong>illo,</strong></span> <span class='ocrx_word' id='word_1_35' title='bbox 701 722 752 804; x_wconf 91' lang='lat' dir='ltr'><strong>qui</strong></span> <span class='ocrx_word' id='word_1_36' title='bbox 775 720 866 798; x_wconf 82' lang='lat' dir='ltr'><strong>Tigri</strong></span> <span class='ocrx_word' id='word_1_37' title='bbox 894 724 927 782; x_wconf 95' lang='lat' dir='ltr'><strong>et</strong></span> <span class='ocrx_word' id='word_1_38' title='bbox 948 720 1066 790; x_wconf 83' lang='lat' dir='ltr'><strong>Sabato</strong></span> <span class='ocrx_word' id='word_1_39' title='bbox 1086 707 1245 800; x_wconf 81' lang='lat' dir='ltr'><strong>superiore</strong></span> <span class='ocrx_word' id='word_1_40' title='bbox 1267 719 1372 780; x_wconf 92' lang='lat' dir='ltr'><strong>conti-</strong></span> 
     </span>
     <span class='ocr_line' id='line_1_6' title="bbox 192 819 1376 904; baseline -0.003 -18"><span class='ocrx_word' id='word_1_41' title='bbox 192 825 297 904; x_wconf 90' lang='lat' dir='ltr'><strong>netur,</strong></span> <span class='ocrx_word' id='word_1_42' title='bbox 332 841 432 886; x_wconf 88' lang='lat' dir='ltr'><strong>arcem</strong></span> <span class='ocrx_word' id='word_1_43' title='bbox 460 823 559 903; x_wconf 88' lang='lat' dir='ltr'><strong>illam,</strong></span> <span class='ocrx_word' id='word_1_44' title='bbox 595 826 678 887; x_wconf 90' lang='lat' dir='ltr'><strong>cuius</strong></span> <span class='ocrx_word' id='word_1_45' title='bbox 695 823 812 888; x_wconf 87' lang='lat' dir='ltr'><strong>&#39;tumuli</strong></span> <span class='ocrx_word' id='word_1_46' title='bbox 842 821 991 904; x_wconf 80' lang='lat' dir='ltr'><strong>hodieque</strong></span> <span class='ocrx_word' id='word_1_47' title='bbox 1014 841 1153 900; x_wconf 80' lang='lat' dir='ltr'><strong>nnaguam</strong></span> <span class='ocrx_word' id='word_1_48' title='bbox 1176 823 1206 882; x_wconf 90' lang='lat' dir='ltr'><strong>in</strong></span> <span class='ocrx_word' id='word_1_49' title='bbox 1230 819 1376 884; x_wconf 88' lang='lat' dir='ltr'><strong>altitudi-</strong></span> 
     </span>
     <span class='ocr_line' id='line_1_7' title="bbox 192 925 1371 1006; baseline -0.004 -17"><span class='ocrx_word' id='word_1_50' title='bbox 192 945 258 990; x_wconf 89' lang='lat' dir='ltr'><strong>nem</strong></span> <span class='ocrx_word' id='word_1_51' title='bbox 283 926 467 1000; x_wconf 87' lang='lat' dir='ltr'><strong>ascendunt3</strong></span> <span class='ocrx_word' id='word_1_52' title='bbox 498 925 694 988; x_wconf 86' lang='lat' dir='ltr'><strong>sectabantur</strong></span> <span class='ocrx_word' id='word_1_53' title='bbox 710 941 795 988; x_wconf 84' lang='lat' dir='ltr'><strong>&#39;vero</strong></span> <span class='ocrx_word' id='word_1_54' title='bbox 815 944 931 1004; x_wconf 86' lang='lat' dir='ltr'><strong>mores,</strong></span> <span class='ocrx_word' id='word_1_55' title='bbox 955 925 1112 1004; x_wconf 87' lang='lat' dir='ltr'><strong>instituta,</strong></span> <span class='ocrx_word' id='word_1_56' title='bbox 1141 925 1293 1006; x_wconf 84' lang='lat' dir='ltr'><strong>linguam,</strong></span> <span class='ocrx_word' id='word_1_57' title='bbox 1315 941 1371 986; x_wconf 91' lang='lat' dir='ltr'><strong>re-</strong></span> 
     </span>
     <span class='ocr_line' id='line_1_8' title="bbox 192 1027 1372 1112; baseline -0.003 -20"><span class='ocrx_word' id='word_1_58' title='bbox 192 1030 337 1112; x_wconf 87' lang='lat' dir='ltr'><strong>ligionem</strong></span> <span class='ocrx_word' id='word_1_59' title='bbox 363 1047 445 1107; x_wconf 87' lang='lat' dir='ltr'><strong>eam,</strong></span> <span class='ocrx_word' id='word_1_60' title='bbox 483 1046 560 1110; x_wconf 87' lang='lat' dir='ltr'><strong>quae</strong></span> <span class='ocrx_word' id='word_1_61' title='bbox 591 1028 630 1090; x_wconf 84' lang='lat' dir='ltr'><strong>eb</strong></span> <span class='ocrx_word' id='word_1_62' title='bbox 660 1028 974 1108; x_wconf 86' lang='lat' dir='ltr'><strong>antiquissimis-inde</strong></span> <span class='ocrx_word' id='word_1_63' title='bbox 1004 1028 1188 1108; x_wconf 77' lang='lat' dir='ltr'><strong>temporibus</strong></span> <span class='ocrx_word' id='word_1_64' title='bbox 1210 1027 1372 1108; x_wconf 75' lang='lat' dir='ltr'><strong>Babylone</strong></span> 
     </span>
     <span class='ocr_line' id='line_1_9' title="bbox 192 1111 1370 1218; baseline -0.004 -22"><span class='ocrx_word' id='word_1_65' title='bbox 192 1114 447 1196; x_wconf 77' lang='lat' dir='ltr'><strong>excultacrant.</strong></span> <span class='ocrx_word' id='word_1_66' title='bbox 497 1130 637 1210; x_wconf 82' lang='lat' dir='ltr'><strong>Babylon</strong></span> <span class='ocrx_word' id='word_1_67' title='bbox 663 1147 815 1192; x_wconf 87' lang='lat' dir='ltr'><strong>commune</strong></span> <span class='ocrx_word' id='word_1_68' title='bbox 839 1130 971 1208; x_wconf 82' lang='lat' dir='ltr'><strong>Orientis</strong></span> <span class='ocrx_word' id='word_1_69' title='bbox 997 1111 1096 1191; x_wconf 85' lang='lat' dir='ltr'><strong>lanum</strong></span> <span class='ocrx_word' id='word_1_70' title='bbox 1118 1133 1186 1218; x_wconf 74' lang='lat' dir='ltr'><strong>erat</strong></span> <span class='ocrx_word' id='word_1_71' title='bbox 1207 1134 1370 1212; x_wconf 78' lang='lat' dir='ltr'><strong>rerumque</strong></span> 
     </span>
     <span class='ocr_line' id='line_1_10' title="bbox 192 1216 1373 1314; baseline 0.001 -18"><span class='ocrx_word' id='word_1_72' title='bbox 192 1253 346 1298; x_wconf 87' lang='lat' dir='ltr'><strong>sacrarum</strong></span> <span class='ocrx_word' id='word_1_73' title='bbox 374 1234 569 1314; x_wconf 87' lang='lat' dir='ltr'><strong>metropolis,</strong></span> <span class='ocrx_word' id='word_1_74' title='bbox 608 1216 704 1296; x_wconf 76' lang='lat' dir='ltr'><strong>cuius&#39;</strong></span> <span class='ocrx_word' id='word_1_75' title='bbox 721 1233 916 1313; x_wconf 86' lang='lat' dir='ltr'><strong>splendorem</strong></span> <span class='ocrx_word' id='word_1_76' title='bbox 947 1233 1196 1314; x_wconf 88' lang='lat' dir='ltr'><strong>maiestatemque</strong></span> <span class='ocrx_word' id='word_1_77' title='bbox 1227 1235 1305 1294; x_wconf 93' lang='lat' dir='ltr'><strong>tueri</strong></span> <span class='ocrx_word' id='word_1_78' title='bbox 1337 1239 1373 1298; x_wconf 86' lang='lat' dir='ltr'><strong>et</strong></span> 
     </span>
     <span class='ocr_line' id='line_1_11' title="bbox 193 1333 1466 1422; baseline -0.002 -22"><span class='ocrx_word' id='word_1_79' title='bbox 193 1355 310 1416; x_wconf 86' lang='lat' dir='ltr'><strong>augere</strong></span> <span class='ocrx_word' id='word_1_80' title='bbox 337 1337 396 1418; x_wconf 88' lang='lat' dir='ltr'><strong>ipsi</strong></span> <span class='ocrx_word' id='word_1_81' title='bbox 420 1335 618 1416; x_wconf 81' lang='lat' dir='ltr'><strong>Assyriorum</strong></span> <span class='ocrx_word' id='word_1_82' title='bbox 641 1353 736 1412; x_wconf 89' lang='lat' dir='ltr'><strong>reges</strong></span> <span class='ocrx_word' id='word_1_83' title='bbox 757 1337 861 1412; x_wconf 75' lang='lat' dir='ltr'><strong>⁴allicio</strong></span> <span class='ocrx_word' id='word_1_84' title='bbox 887 1333 1093 1418; x_wconf 82' lang='lat' dir='ltr'><strong>habebaut&#39;).</strong></span> <span class='ocrx_word' id='word_1_85' title='bbox 1137 1336 1238 1422; x_wconf 84' lang='lat' dir='ltr'><strong>Quare</strong></span> <span class='ocrx_word' id='word_1_86' title='bbox 1262 1338 1371 1418; x_wconf 83' lang='lat' dir='ltr'><strong>Baby·</strong></span> <span class='ocrx_word' id='word_1_87' title='bbox 1465 1355 1466 1378; x_wconf 62' lang='grc' dir='ltr'>ι</span> 
     </span>
    </p>

    <p class='ocr_par' dir='ltr' id='par_1_3' title="bbox 138 1431 1466 2652">
     <span class='ocr_line' id='line_1_12' title="bbox 138 1431 1466 1524; baseline 0 -22"><span class='ocrx_word' id='word_1_88' title='bbox 138 1431 139 1435; x_wconf 57' lang='grc'>’</span> <span class='ocrx_word' id='word_1_89' title='bbox 192 1442 290 1502; x_wconf 90' lang='lat' dir='ltr'><strong>lonem</strong></span> <span class='ocrx_word' id='word_1_90' title='bbox 323 1457 381 1500; x_wconf 90' lang='lat' dir='ltr'><strong>non</strong></span> <span class='ocrx_word' id='word_1_91' title='bbox 410 1439 514 1518; x_wconf 88' lang='lat' dir='ltr'><strong>inepte</strong></span> <span class='ocrx_word' id='word_1_92' title='bbox 538 1439 651 1518; x_wconf 81' lang='lat' dir='ltr'><strong>antiqui</strong></span> <span class='ocrx_word' id='word_1_93' title='bbox 673 1439 755 1506; x_wconf 90' lang='lat' dir='ltr'><strong>orbis</strong></span> <span class='ocrx_word' id='word_1_94' title='bbox 779 1441 902 1502; x_wconf 87' lang='lat' dir='ltr'><strong>Bomam</strong></span> <span class='ocrx_word' id='word_1_95' title='bbox 929 1439 1062 1512; x_wconf 85' lang='lat' dir='ltr'><strong>dixeris3</strong></span> <span class='ocrx_word' id='word_1_96' title='bbox 1092 1439 1270 1524; x_wconf 89' lang='lat' dir='ltr'><strong>colebantur</strong></span> <span class='ocrx_word' id='word_1_97' title='bbox 1292 1443 1370 1502; x_wconf 92' lang='lat' dir='ltr'><strong>enim</strong></span> <span class='ocrx_word' id='word_1_98' title='bbox 1465 1471 1466 1476; x_wconf 16' lang='grc' dir='ltr'><strong>κ</strong></span> 
     </span>
     <span class='ocr_line' id='line_1_13' title="bbox 193 1540 1370 1624; baseline 0 -20"><span class='ocrx_word' id='word_1_99' title='bbox 193 1545 304 1624; x_wconf 92' lang='lat' dir='ltr'><strong>ubique</strong></span> <span class='ocrx_word' id='word_1_100' title='bbox 328 1541 366 1604; x_wconf 92' lang='lat' dir='ltr'><strong>dii</strong></span> <span class='ocrx_word' id='word_1_101' title='bbox 388 1540 574 1619; x_wconf 77' lang='lat' dir='ltr'><strong>Babylonis,</strong></span> <span class='ocrx_word' id='word_1_102' title='bbox 605 1559 684 1621; x_wconf 89' lang='lat' dir='ltr'><strong>quae</strong></span> <span class='ocrx_word' id='word_1_103' title='bbox 709 1543 780 1604; x_wconf 92' lang='lat' dir='ltr'><strong>urbs</strong></span> <span class='ocrx_word' id='word_1_104' title='bbox 798 1561 886 1604; x_wconf 89' lang='lat' dir='ltr'><strong>sacra</strong></span> <span class='ocrx_word' id='word_1_105' title='bbox 907 1541 1126 1604; x_wconf 82' lang='lat' dir='ltr'><strong>aestimabatur</strong></span> <span class='ocrx_word' id='word_1_106' title='bbox 1155 1544 1235 1624; x_wconf 90' lang='lat' dir='ltr'><strong>apud</strong></span> <span class='ocrx_word' id='word_1_107' title='bbox 1259 1543 1370 1622; x_wconf 86' lang='lat' dir='ltr'><strong>Assy-</strong></span> 
     </span>
     <span class='ocr_line' id='line_1_14' title="bbox 192 1639 1371 1728; baseline -0.002 -18"><span class='ocrx_word' id='word_1_108' title='bbox 192 1648 255 1728; x_wconf 79' lang='lat' dir='ltr'><strong>rios</strong></span> <span class='ocrx_word' id='word_1_109' title='bbox 276 1646 418 1726; x_wconf 89' lang='lat' dir='ltr'><strong>primum,</strong></span> <span class='ocrx_word' id='word_1_110' title='bbox 450 1641 558 1704; x_wconf 89' lang='lat' dir='ltr'><strong>deinde</strong></span> <span class='ocrx_word' id='word_1_111' title='bbox 582 1639 772 1723; x_wconf 85' lang='lat' dir='ltr'><strong>Chaldaeos,</strong></span> <span class='ocrx_word' id='word_1_112' title='bbox 802 1645 890 1706; x_wconf 90' lang='lat' dir='ltr'><strong>etiam</strong></span> <span class='ocrx_word' id='word_1_113' title='bbox 914 1643 994 1724; x_wconf 92' lang='lat' dir='ltr'><strong>apud</strong></span> <span class='ocrx_word' id='word_1_114' title='bbox 1017 1644 1131 1706; x_wconf 84' lang='lat' dir='ltr'><strong>Persas</strong></span> <span class='ocrx_word' id='word_1_115' title='bbox 1154 1645 1371 1727; x_wconf 91' lang='lat' dir='ltr'><strong>quodammodo</strong></span> 
     </span>
     <span class='ocr_line' id='line_1_15' title="bbox 193 1741 1372 1829; baseline -0.002 -17"><span class='ocrx_word' id='word_1_116' title='bbox 193 1767 249 1812; x_wconf 88' lang='lat' dir='ltr'><strong>nee</strong></span> <span class='ocrx_word' id='word_1_117' title='bbox 277 1765 336 1810; x_wconf 86' lang='lat' dir='ltr'><strong>non</strong></span> <span class='ocrx_word' id='word_1_118' title='bbox 366 1745 574 1808; x_wconf 86' lang='lat' dir='ltr'><strong>Alexandrum</strong></span> <span class='ocrx_word' id='word_1_119' title='bbox 604 1744 801 1809; x_wconf 83' lang='lat' dir='ltr'><strong>Macedonem</strong></span> <span class='ocrx_word' id='word_1_120' title='bbox 819 1741 862 1829; x_wconf 83' lang='lat'><strong>²).</strong></span> <span class='ocrx_word' id='word_1_121' title='bbox 915 1745 1024 1827; x_wconf 85' lang='lat' dir='ltr'><strong>Neque</strong></span> <span class='ocrx_word' id='word_1_122' title='bbox 1048 1746 1137 1808; x_wconf 89' lang='lat' dir='ltr'><strong>aliter</strong></span> <span class='ocrx_word' id='word_1_123' title='bbox 1159 1747 1273 1827; x_wconf 73' lang='lat' dir='ltr'><strong>{esaias</strong></span> <span class='ocrx_word' id='word_1_124' title='bbox 1295 1766 1372 1810; x_wconf 91' lang='lat' dir='ltr'><strong>ora-</strong></span> 
     </span>
     <span class='ocr_line' id='line_1_16' title="bbox 194 1847 1466 1930; baseline 0 -16"><span class='ocrx_word' id='word_1_125' title='bbox 194 1852 270 1916; x_wconf 93' lang='lat' dir='ltr'><strong>culo·</strong></span> <span class='ocrx_word' id='word_1_126' title='bbox 290 1850 342 1912; x_wconf 94' lang='lat' dir='ltr'><strong>illo</strong></span> <span class='ocrx_word' id='word_1_127' title='bbox 371 1847 480 1928; x_wconf 89' lang='lat' dir='ltr'><strong>grandi</strong></span> <span class='ocrx_word' id='word_1_128' title='bbox 504 1850 536 1908; x_wconf 93' lang='lat' dir='ltr'><strong>et</strong></span> <span class='ocrx_word' id='word_1_129' title='bbox 558 1849 748 1926; x_wconf 89' lang='lat' dir='ltr'><strong>magnamino</strong></span> <span class='ocrx_word' id='word_1_130' title='bbox 775 1867 801 1911; x_wconf 91' lang='lat' dir='ltr'><strong>c.</strong></span> <span class='ocrx_word' id='word_1_131' title='bbox 825 1848 911 1910; x_wconf 89' lang='lat' dir='ltr'><strong>Xlll.</strong></span> <span class='ocrx_word' id='word_1_132' title='bbox 934 1853 966 1911; x_wconf 91' lang='lat' dir='ltr'><strong>et</strong></span> <span class='ocrx_word' id='word_1_133' title='bbox 989 1849 1077 1911; x_wconf 82' lang='lat' dir='ltr'><strong>XlV.</strong></span> <span class='ocrx_word' id='word_1_134' title='bbox 1102 1851 1371 1930; x_wconf 66' lang='lat' dir='ltr'><strong>submonemus</strong></span> <span class='ocrx_word' id='word_1_135' title='bbox 1465 1873 1466 1880; x_wconf 50' lang='lat'>¹</span> 
     </span>
     <span class='ocr_line' id='line_1_17' title="bbox 194 1949 1370 2040; baseline 0 -24"><span class='ocrx_word' id='word_1_136' title='bbox 194 1953 318 2020; x_wconf 58' lang='lat' dir='ltr'><strong>naalma</strong></span> <span class='ocrx_word' id='word_1_137' title='bbox 348 1969 405 2012; x_wconf 91' lang='lat' dir='ltr'><strong>non</strong></span> <span class='ocrx_word' id='word_1_138' title='bbox 430 1968 503 2040; x_wconf 77' lang='lat' dir='ltr'><strong>eam.</strong></span> <span class='ocrx_word' id='word_1_139' title='bbox 520 1949 621 2011; x_wconf 92' lang='lat' dir='ltr'><strong>urbem</strong></span> <span class='ocrx_word' id='word_1_140' title='bbox 643 1950 804 2032; x_wconf 83' lang='lat' dir='ltr'><strong>describit,</strong></span> <span class='ocrx_word' id='word_1_141' title='bbox 834 1969 912 2032; x_wconf 91' lang='lat' dir='ltr'><strong>quac</strong></span> <span class='ocrx_word' id='word_1_142' title='bbox 932 1952 1046 2030; x_wconf 80' lang='lat' dir='ltr'><strong>divitiis</strong></span> <span class='ocrx_word' id='word_1_143' title='bbox 1069 1955 1101 2016; x_wconf 91' lang='lat' dir='ltr'><strong>et</strong></span> <span class='ocrx_word' id='word_1_144' title='bbox 1121 1958 1290 2016; x_wconf 89' lang='lat' dir='ltr'><strong>mercatura</strong></span> <span class='ocrx_word' id='word_1_145' title='bbox 1313 1973 1370 2016; x_wconf 86' lang='grc' dir='ltr'>ιιι-</span> 
     </span>
     <span class='ocr_line' id='line_1_18' title="bbox 194 2051 1372 2139; baseline 0.001 -20"><span class='ocrx_word' id='word_1_146' title='bbox 194 2058 315 2139; x_wconf 89' lang='lat' dir='ltr'><strong>perbiat</strong></span> <span class='ocrx_word' id='word_1_147' title='bbox 342 2057 377 2118; x_wconf 91' lang='lat' dir='ltr'><strong>ut</strong></span> <span class='ocrx_word' id='word_1_148' title='bbox 407 2051 529 2132; x_wconf 86' lang='lat' dir='ltr'><strong>Tyrus,</strong></span> <span class='ocrx_word' id='word_1_149' title='bbox 558 2070 659 2135; x_wconf 90' lang='lat' dir='ltr'><strong>neque</strong></span> <span class='ocrx_word' id='word_1_150' title='bbox 684 2069 761 2132; x_wconf 89' lang='lat' dir='ltr'><strong>quae</strong></span> <span class='ocrx_word' id='word_1_151' title='bbox 784 2053 888 2117; x_wconf 89' lang='lat' dir='ltr'><strong>militia</strong></span> <span class='ocrx_word' id='word_1_152' title='bbox 917 2054 1070 2137; x_wconf 89' lang='lat' dir='ltr'><strong>rebusque</strong></span> <span class='ocrx_word' id='word_1_153' title='bbox 1095 2055 1214 2128; x_wconf 76' lang='lat' dir='ltr'><strong>bellIcis</strong></span> <span class='ocrx_word' id='word_1_154' title='bbox 1242 2057 1372 2138; x_wconf 90' lang='lat' dir='ltr'><strong>polleat,</strong></span> 
     </span>
     <span class='ocr_line' id='line_1_19' title="bbox 193 2153 1370 2242; baseline 0.001 -21"><span class='ocrx_word' id='word_1_155' title='bbox 193 2160 319 2222; x_wconf 90' lang='lat' dir='ltr'><strong>malleus</strong></span> <span class='ocrx_word' id='word_1_156' title='bbox 346 2156 526 2236; x_wconf 91' lang='lat' dir='ltr'><strong>populorum</strong></span> <span class='ocrx_word' id='word_1_157' title='bbox 558 2155 658 2232; x_wconf 81' lang='lat' dir='ltr'><strong>dictus</strong></span> <span class='ocrx_word' id='word_1_158' title='bbox 689 2157 722 2218; x_wconf 93' lang='lat' dir='ltr'><strong>ut</strong></span> <span class='ocrx_word' id='word_1_159' title='bbox 750 2153 868 2230; x_wconf 84' lang='lat' dir='ltr'><strong>Assur3</strong></span> <span class='ocrx_word' id='word_1_160' title='bbox 895 2157 950 2218; x_wconf 91' lang='lat' dir='ltr'><strong>sed</strong></span> <span class='ocrx_word' id='word_1_161' title='bbox 980 2159 1126 2220; x_wconf 80' lang='lat' dir='ltr'><strong>describit</strong></span> <span class='ocrx_word' id='word_1_162' title='bbox 1146 2176 1210 2220; x_wconf 87' lang='lat' dir='ltr'><strong>eam</strong></span> <span class='ocrx_word' id='word_1_163' title='bbox 1229 2161 1370 2242; x_wconf 85' lang='lat' dir='ltr'><strong>tanquam</strong></span> 
     </span>
     <span class='ocr_line' id='line_1_20' title="bbox 194 2250 1371 2349; baseline 0 -25"><span class='ocrx_word' id='word_1_164' title='bbox 194 2259 372 2349; x_wconf 88' lang='lat' dir='ltr'><strong>metropolin</strong></span> <span class='ocrx_word' id='word_1_165' title='bbox 403 2257 503 2320; x_wconf 89' lang='lat' dir='ltr'><strong>cultus</strong></span> <span class='ocrx_word' id='word_1_166' title='bbox 530 2257 622 2318; x_wconf 82' lang='lat' dir='ltr'><strong>divini</strong></span> <span class='ocrx_word' id='word_1_167' title='bbox 644 2257 872 2340; x_wconf 89' lang='lat' dir='ltr'><strong>litterarumque</strong></span> <span class='ocrx_word' id='word_1_168' title='bbox 894 2261 1015 2340; x_wconf 90' lang='lat' dir='ltr'><strong>sedem,</strong></span> <span class='ocrx_word' id='word_1_169' title='bbox 1046 2250 1237 2338; x_wconf 83' lang='lat' dir='ltr'><strong>astrologiae</strong></span> <span class='ocrx_word' id='word_1_170' title='bbox 1257 2262 1371 2324; x_wconf 88' lang='lat' dir='ltr'><strong>luven-</strong></span> 
     </span>
     <span class='ocr_line' id='line_1_21' title="bbox 194 2357 1372 2442; baseline 0.003 -16"><span class='ocrx_word' id='word_1_171' title='bbox 194 2366 311 2442; x_wconf 89' lang='lat' dir='ltr'><strong>trioem,</strong></span> <span class='ocrx_word' id='word_1_172' title='bbox 332 2361 410 2424; x_wconf 87' lang='lat' dir='ltr'><strong>coell</strong></span> <span class='ocrx_word' id='word_1_173' title='bbox 423 2359 655 2442; x_wconf 84' lang='lat' dir='ltr'><strong>spectatricem,</strong></span> <span class='ocrx_word' id='word_1_174' title='bbox 678 2357 853 2422; x_wconf 82' lang='lat' dir='ltr'><strong>coelestium</strong></span> <span class='ocrx_word' id='word_1_175' title='bbox 871 2379 969 2423; x_wconf 92' lang='lat' dir='ltr'><strong>rerum</strong></span> <span class='ocrx_word' id='word_1_176' title='bbox 986 2363 1121 2425; x_wconf 90' lang='lat' dir='ltr'><strong>doctrina</strong></span> <span class='ocrx_word' id='word_1_177' title='bbox 1137 2368 1249 2442; x_wconf 86' lang='lat' dir='ltr'><strong>gentes</strong></span> <span class='ocrx_word' id='word_1_178' title='bbox 1267 2385 1372 2430; x_wconf 90' lang='lat' dir='ltr'><strong>omues</strong></span> 
     </span>
     <span class='ocr_line' id='line_1_22' title="bbox 195 2447 1371 2556; baseline 0.002 -26"><span class='ocrx_word' id='word_1_179' title='bbox 195 2467 408 2544; x_wconf 87' lang='lat' dir='ltr'><strong>seducentem,</strong></span> <span class='ocrx_word' id='word_1_180' title='bbox 440 2479 518 2556; x_wconf 88' lang='lat' dir='ltr'><strong>quae</strong></span> <span class='ocrx_word' id='word_1_181' title='bbox 547 2465 581 2525; x_wconf 93' lang='lat' dir='ltr'><strong>ut</strong></span> <span class='ocrx_word' id='word_1_182' title='bbox 609 2461 782 2524; x_wconf 81' lang='lat' dir='ltr'><strong>Luciferis</strong></span> <span class='ocrx_word' id='word_1_183' title='bbox 806 2463 910 2541; x_wconf 90' lang='lat' dir='ltr'><strong>coelo,</strong></span> <span class='ocrx_word' id='word_1_184' title='bbox 940 2465 991 2540; x_wconf 53' lang='lat' dir='ltr'><strong>sic,</strong></span> <span class='ocrx_word' id='word_1_185' title='bbox 1008 2447 1087 2528; x_wconf 85' lang='lat' dir='ltr'><strong>inter</strong></span> <span class='ocrx_word' id='word_1_186' title='bbox 1111 2486 1212 2530; x_wconf 91' lang='lat' dir='ltr'><strong>omues</strong></span> <span class='ocrx_word' id='word_1_187' title='bbox 1237 2470 1371 2550; x_wconf 92' lang='lat' dir='ltr'><strong>populos</strong></span> 
     </span>
     <span class='ocr_line' id='line_1_23' title="bbox 194 2565 1371 2652; baseline 0.003 -22"><span class='ocrx_word' id='word_1_188' title='bbox 194 2570 295 2648; x_wconf 85' lang='lat' dir='ltr'><strong>gloria</strong></span> <span class='ocrx_word' id='word_1_189' title='bbox 316 2571 376 2630; x_wconf 94' lang='lat' dir='ltr'><strong>tam</strong></span> <span class='ocrx_word' id='word_1_190' title='bbox 399 2565 568 2647; x_wconf 84' lang='lat' dir='ltr'><strong>sapientiae</strong></span> <span class='ocrx_word' id='word_1_191' title='bbox 589 2583 675 2646; x_wconf 91' lang='lat' dir='ltr'><strong>quam</strong></span> <span class='ocrx_word' id='word_1_192' title='bbox 696 2567 867 2640; x_wconf 78' lang='lat' dir='ltr'><strong>sanctitatis</strong></span> <span class='ocrx_word' id='word_1_193' title='bbox 888 2567 1058 2648; x_wconf 89' lang='lat' dir='ltr'><strong>splendeat.</strong></span> <span class='ocrx_word' id='word_1_194' title='bbox 1100 2569 1134 2630; x_wconf 93' lang='lat' dir='ltr'><strong>ld</strong></span> <span class='ocrx_word' id='word_1_195' title='bbox 1148 2571 1229 2652; x_wconf 92' lang='lat' dir='ltr'><strong>quod</strong></span> <span class='ocrx_word' id='word_1_196' title='bbox 1247 2575 1371 2634; x_wconf 91' lang='lat' dir='ltr'><strong>testan-</strong></span> 
     </span>
    </p>

    <p class='ocr_par' dir='ltr' id='par_1_4' title="bbox 152 2643 1466 3168">
     <span class='ocr_line' id='line_1_24' title="bbox 152 2643 1466 2752; baseline 0.001 -17"><span class='ocrx_word' id='word_1_197' title='bbox 152 2723 155 2734; x_wconf 80' lang='grc'><em>,</em></span> <span class='ocrx_word' id='word_1_198' title='bbox 195 2675 243 2734; x_wconf 91' lang='lat' dir='ltr'><strong>tur</strong></span> <span class='ocrx_word' id='word_1_199' title='bbox 262 2672 350 2732; x_wconf 88' lang='lat' dir='ltr'><strong>etiam</strong></span> <span class='ocrx_word' id='word_1_200' title='bbox 375 2670 558 2732; x_wconf 88' lang='lat' dir='ltr'><strong>Graecorum</strong></span> <span class='ocrx_word' id='word_1_201' title='bbox 580 2667 840 2750; x_wconf 83' lang='lat' dir='ltr'><strong>Romanorumque</strong></span> <span class='ocrx_word' id='word_1_202' title='bbox 863 2672 1048 2751; x_wconf 89' lang='lat' dir='ltr'><strong>scriptores,</strong></span> <span class='ocrx_word' id='word_1_203' title='bbox 1071 2671 1230 2752; x_wconf 89' lang='lat' dir='ltr'><strong>Babylone</strong></span> <span class='ocrx_word' id='word_1_204' title='bbox 1250 2675 1287 2736; x_wconf 84' lang='lat' dir='ltr'><strong>ab</strong></span> <span class='ocrx_word' id='word_1_205' title='bbox 1310 2693 1371 2738; x_wconf 84' lang='lat' dir='ltr'><strong>an·</strong></span> <span class='ocrx_word' id='word_1_206' title='bbox 1465 2643 1466 2670; x_wconf 35' lang='lat' dir='ltr'><strong>A</strong></span> 
     </span>
     <span class='ocr_line' id='line_1_25' title="bbox 195 2771 1370 2858; baseline 0 -20"><span class='ocrx_word' id='word_1_207' title='bbox 195 2774 371 2857; x_wconf 81' lang='lat' dir='ltr'><strong>tiquisrimis</strong></span> <span class='ocrx_word' id='word_1_208' title='bbox 400 2771 585 2853; x_wconf 90' lang='lat' dir='ltr'><strong>temporibus</strong></span> <span class='ocrx_word' id='word_1_209' title='bbox 614 2771 756 2848; x_wconf 82' lang='lat' dir='ltr'><strong>viguisse</strong></span> <span class='ocrx_word' id='word_1_210' title='bbox 784 2772 975 2850; x_wconf 80' lang='lat' dir='ltr'><strong>astrologiae</strong></span> <span class='ocrx_word' id='word_1_211' title='bbox 999 2773 1228 2858; x_wconf 89' lang='lat' dir='ltr'><strong>litterarumque</strong></span> <span class='ocrx_word' id='word_1_212' title='bbox 1257 2777 1370 2858; x_wconf 82' lang='lat' dir='ltr'><strong>stadie,</strong></span> 
     </span>
     <span class='ocr_line' id='line_1_26' title="bbox 200 2872 1370 2960; baseline 0.002 -20"><span class='ocrx_word' id='word_1_213' title='bbox 200 2895 365 2960; x_wconf 88' lang='lat' dir='ltr'><strong>corumque</strong></span> <span class='ocrx_word' id='word_1_214' title='bbox 380 2875 484 2938; x_wconf 89' lang='lat' dir='ltr'><strong>sedem</strong></span> <span class='ocrx_word' id='word_1_215' title='bbox 501 2875 585 2956; x_wconf 89' lang='lat' dir='ltr'><strong>quasi</strong></span> <span class='ocrx_word' id='word_1_216' title='bbox 605 2872 781 2936; x_wconf 89' lang='lat' dir='ltr'><strong>catholicam</strong></span> <span class='ocrx_word' id='word_1_217' title='bbox 796 2877 956 2960; x_wconf 83' lang='lat' dir='ltr'><strong>permulta</strong></span> <span class='ocrx_word' id='word_1_218' title='bbox 972 2878 1098 2940; x_wconf 87' lang='lat' dir='ltr'><strong>saecula</strong></span> <span class='ocrx_word' id='word_1_219' title='bbox 1114 2879 1221 2940; x_wconf 86' lang='lat' dir='ltr'><strong>luisse.</strong></span> <span class='ocrx_word' id='word_1_220' title='bbox 1251 2879 1370 2942; x_wconf 91' lang='lat' dir='ltr'><strong>Astro-</strong></span> 
     </span>
     <span class='ocr_line' id='line_1_27' title="bbox 193 2976 1370 3064; baseline 0.003 -22"><span class='ocrx_word' id='word_1_221' title='bbox 193 2981 291 3042; x_wconf 89' lang='lat' dir='ltr'><strong>nomia</strong></span> <span class='ocrx_word' id='word_1_222' title='bbox 318 2981 392 3040; x_wconf 92' lang='lat' dir='ltr'><strong>miro</strong></span> <span class='ocrx_word' id='word_1_223' title='bbox 427 2978 515 3040; x_wconf 91' lang='lat' dir='ltr'><strong>modo</strong></span> <span class='ocrx_word' id='word_1_224' title='bbox 538 2976 712 3056; x_wconf 82' lang='lat' dir='ltr'><strong>¹Babylone</strong></span> <span class='ocrx_word' id='word_1_225' title='bbox 744 2977 870 3040; x_wconf 80' lang='lat' dir='ltr'><strong>exculta</strong></span> <span class='ocrx_word' id='word_1_226' title='bbox 903 2979 977 3042; x_wconf 82' lang='lat' dir='ltr'><strong>luit:</strong></span> <span class='ocrx_word' id='word_1_227' title='bbox 1012 2981 1165 3064; x_wconf 89' lang='lat' dir='ltr'><strong>pondera,</strong></span> <span class='ocrx_word' id='word_1_228' title='bbox 1201 3002 1370 3064; x_wconf 85' lang='lat' dir='ltr'><strong>mensurae,</strong></span> 
     </span>
     <span class='ocr_line' id='line_1_28' title="bbox 194 3078 1466 3168; baseline 0.005 -25"><span class='ocrx_word' id='word_1_229' title='bbox 194 3083 300 3144; x_wconf 87' lang='lat' dir='ltr'><strong>nummi</strong></span> <span class='ocrx_word' id='word_1_230' title='bbox 314 3081 355 3142; x_wconf 92' lang='lat' dir='ltr'><strong>ibi</strong></span> <span class='ocrx_word' id='word_1_231' title='bbox 378 3081 513 3158; x_wconf 86' lang='lat' dir='ltr'><strong>inventa,</strong></span> <span class='ocrx_word' id='word_1_232' title='bbox 537 3079 563 3138; x_wconf 93' lang='lat' dir='ltr'><strong>si</strong></span> <span class='ocrx_word' id='word_1_233' title='bbox 583 3078 716 3142; x_wconf 88' lang='lat' dir='ltr'><strong>Buecbiu</strong></span> <span class='ocrx_word' id='word_1_234' title='bbox 733 3083 766 3156; x_wconf 89' lang='lat' dir='ltr'><strong>et</strong></span> <span class='ocrx_word' id='word_1_235' title='bbox 780 3079 902 3144; x_wconf 87' lang='lat' dir='ltr'><strong>ldelero</strong></span> <span class='ocrx_word' id='word_1_236' title='bbox 917 3084 1003 3146; x_wconf 86' lang='lat' dir='ltr'><strong>iidem</strong></span> <span class='ocrx_word' id='word_1_237' title='bbox 1024 3083 1167 3148; x_wconf 90' lang='lat' dir='ltr'><strong>habemus</strong></span> <span class='ocrx_word' id='word_1_238' title='bbox 1184 3082 1232 3168; x_wconf 78' lang='lat' dir='ltr'><strong>³J3</strong></span> <span class='ocrx_word' id='word_1_239' title='bbox 1259 3091 1369 3165; x_wconf 83' lang='lat' dir='ltr'><strong>syste-</strong></span> <span class='ocrx_word' id='word_1_240' title='bbox 1465 3129 1466 3136; x_wconf 34' lang='grc' dir='ltr'>ι</span> 
     </span>
    </p>
   </div>
   <div class='ocr_carea' id='block_1_3' title="bbox 174 3348 1377 3918">
    <p class='ocr_par' dir='ltr' id='par_1_5' title="bbox 174 3348 1377 3918">
     <span class='ocr_line' id='line_1_29' title="bbox 174 3348 1368 3426; baseline -0.001 -19"><span class='ocrx_word' id='word_1_241' title='bbox 174 3412 180 3422; x_wconf 55' lang='grc'><strong>,</strong></span> <span class='ocrx_word' id='word_1_242' title='bbox 299 3351 330 3420; x_wconf 88' lang='grc'><strong>1)</strong></span> <span class='ocrx_word' id='word_1_243' title='bbox 356 3349 456 3416; x_wconf 89' lang='lat' dir='ltr'><strong>Ninus,</strong></span> <span class='ocrx_word' id='word_1_244' title='bbox 480 3349 634 3405; x_wconf 89' lang='lat' dir='ltr'><strong>Semiramis</strong></span> <span class='ocrx_word' id='word_1_245' title='bbox 660 3354 760 3426; x_wconf 87' lang='lat' dir='ltr'><strong>aliique</strong></span> <span class='ocrx_word' id='word_1_246' title='bbox 785 3352 955 3422; x_wconf 87' lang='lat' dir='ltr'><strong>Assyriorum</strong></span> <span class='ocrx_word' id='word_1_247' title='bbox 973 3366 1053 3420; x_wconf 87' lang='lat' dir='ltr'><strong>reges</strong></span> <span class='ocrx_word' id='word_1_248' title='bbox 1072 3348 1235 3418; x_wconf 88' lang='lat' dir='ltr'><strong>Babylonem</strong></span> <span class='ocrx_word' id='word_1_249' title='bbox 1253 3352 1368 3422; x_wconf 89' lang='lat' dir='ltr'><strong>templis,</strong></span> 
     </span>
     <span class='ocr_line' id='line_1_30' title="bbox 193 3431 1368 3504; baseline -0.001 -12"><span class='ocrx_word' id='word_1_250' title='bbox 193 3437 339 3501; x_wconf 87' lang='lat' dir='ltr'><strong>aediliciis,</strong></span> <span class='ocrx_word' id='word_1_251' title='bbox 373 3437 454 3488; x_wconf 89' lang='lat' dir='ltr'><strong>muris</strong></span> <span class='ocrx_word' id='word_1_252' title='bbox 480 3451 592 3490; x_wconf 86' lang='lat' dir='ltr'><strong>ornasse</strong></span> <span class='ocrx_word' id='word_1_253' title='bbox 620 3443 646 3491; x_wconf 88' lang='lat' dir='ltr'><strong>et</strong></span> <span class='ocrx_word' id='word_1_254' title='bbox 670 3442 797 3492; x_wconf 88' lang='lat' dir='ltr'><strong>muniisse</strong></span> <span class='ocrx_word' id='word_1_255' title='bbox 824 3438 954 3490; x_wconf 87' lang='lat' dir='ltr'><strong>dicuntur.</strong></span> <span class='ocrx_word' id='word_1_256' title='bbox 996 3431 1044 3486; x_wconf 87' lang='lat' dir='ltr'><strong>Est</strong></span> <span class='ocrx_word' id='word_1_257' title='bbox 1071 3433 1176 3504; x_wconf 88' lang='lat' dir='ltr'><strong>quidem</strong></span> <span class='ocrx_word' id='word_1_258' title='bbox 1195 3433 1303 3490; x_wconf 82' lang='lat' dir='ltr'><strong>difficile</strong></span> <span class='ocrx_word' id='word_1_259' title='bbox 1322 3453 1368 3491; x_wconf 88' lang='lat' dir='ltr'><strong>ex-</strong></span> 
     </span>
     <span class='ocr_line' id='line_1_31' title="bbox 193 3519 1369 3594; baseline 0.001 -18"><span class='ocrx_word' id='word_1_260' title='bbox 193 3537 309 3594; x_wconf 88' lang='lat' dir='ltr'><strong>ponere,</strong></span> <span class='ocrx_word' id='word_1_261' title='bbox 342 3535 410 3590; x_wconf 88' lang='lat' dir='ltr'><strong>quae</strong></span> <span class='ocrx_word' id='word_1_262' title='bbox 437 3522 507 3574; x_wconf 89' lang='lat' dir='ltr'><strong>inter</strong></span> <span class='ocrx_word' id='word_1_263' title='bbox 532 3520 696 3592; x_wconf 88' lang='lat' dir='ltr'><strong>Bahyloncm</strong></span> <span class='ocrx_word' id='word_1_264' title='bbox 724 3528 750 3576; x_wconf 84' lang='lat' dir='ltr'><strong>et</strong></span> <span class='ocrx_word' id='word_1_265' title='bbox 776 3519 871 3572; x_wconf 87' lang='lat' dir='ltr'><strong>Ninum</strong></span> <span class='ocrx_word' id='word_1_266' title='bbox 896 3519 1150 3572; x_wconf 84' lang='lat' dir='ltr'><strong>necessitas-luerit</strong></span> <span class='ocrx_word' id='word_1_267' title='bbox 1176 3525 1369 3592; x_wconf 88' lang='lat' dir='ltr'><strong>antiquissimis</strong></span> 
     </span>
     <span class='ocr_line' id='line_1_32' title="bbox 193 3601 1370 3678; baseline 0 -16"><span class='ocrx_word' id='word_1_268' title='bbox 193 3607 374 3678; x_wconf 77' lang='lat' dir='ltr'><strong>temporibuq3</strong></span> <span class='ocrx_word' id='word_1_269' title='bbox 405 3603 432 3657; x_wconf 88' lang='lat' dir='ltr'><strong>id</strong></span> <span class='ocrx_word' id='word_1_270' title='bbox 455 3610 545 3660; x_wconf 84' lang='lat' dir='ltr'><strong>tamen</strong></span> <span class='ocrx_word' id='word_1_271' title='bbox 571 3614 672 3662; x_wconf 87' lang='lat' dir='ltr'><strong>certum</strong></span> <span class='ocrx_word' id='word_1_272' title='bbox 696 3606 758 3660; x_wconf 88' lang='lat' dir='ltr'><strong>mihi</strong></span> <span class='ocrx_word' id='word_1_273' title='bbox 782 3602 903 3667; x_wconf 80' lang='lat' dir='ltr'><strong>videtur,</strong></span> <span class='ocrx_word' id='word_1_274' title='bbox 939 3601 1035 3657; x_wconf 89' lang='lat' dir='ltr'><strong>Ninum</strong></span> <span class='ocrx_word' id='word_1_275' title='bbox 1055 3605 1160 3676; x_wconf 89' lang='lat' dir='ltr'><strong>quidem</strong></span> <span class='ocrx_word' id='word_1_276' title='bbox 1178 3607 1268 3662; x_wconf 88' lang='lat' dir='ltr'><strong>sedem</strong></span> <span class='ocrx_word' id='word_1_277' title='bbox 1285 3608 1370 3662; x_wconf 84' lang='lat' dir='ltr'><strong>luisse</strong></span> 
     </span>
     <span class='ocr_line' id='line_1_33' title="bbox 192 3687 1371 3766; baseline -0.003 -17"><span class='ocrx_word' id='word_1_278' title='bbox 192 3710 286 3766; x_wconf 82' lang='lat' dir='ltr'><strong>regum</strong></span> <span class='ocrx_word' id='word_1_279' title='bbox 304 3691 492 3761; x_wconf 88' lang='lat' dir='ltr'><strong>Assyriorum,</strong></span> <span class='ocrx_word' id='word_1_280' title='bbox 519 3695 565 3762; x_wconf 89' lang='lat' dir='ltr'><strong>qui</strong></span> <span class='ocrx_word' id='word_1_281' title='bbox 581 3709 630 3761; x_wconf 83' lang='lat' dir='ltr'><strong>pce</strong></span> <span class='ocrx_word' id='word_1_282' title='bbox 647 3692 728 3745; x_wconf 85' lang='lat' dir='ltr'><strong>multa</strong></span> <span class='ocrx_word' id='word_1_283' title='bbox 747 3688 855 3741; x_wconf 85' lang='lat' dir='ltr'><strong>saccula</strong></span> <span class='ocrx_word' id='word_1_284' title='bbox 873 3687 953 3743; x_wconf 88' lang='lat' dir='ltr'><strong>Asiae</strong></span> <span class='ocrx_word' id='word_1_285' title='bbox 974 3692 1113 3760; x_wconf 87' lang='lat' dir='ltr'><strong>imperium</strong></span> <span class='ocrx_word' id='word_1_286' title='bbox 1131 3692 1301 3757; x_wconf 87' lang='lat' dir='ltr'><strong>obtinebant,</strong></span> <span class='ocrx_word' id='word_1_287' title='bbox 1321 3693 1371 3746; x_wconf 90' lang='lat' dir='ltr'><strong>sed</strong></span> 
     </span>
     <span class='ocr_line' id='line_1_34' title="bbox 192 3772 1377 3848; baseline 0 -16"><span class='ocrx_word' id='word_1_288' title='bbox 192 3772 339 3847; x_wconf 88' lang='lat' dir='ltr'><strong>Babylonis</strong></span> <span class='ocrx_word' id='word_1_289' title='bbox 359 3792 465 3847; x_wconf 89' lang='lat' dir='ltr'><strong>quoquc</strong></span> <span class='ocrx_word' id='word_1_290' title='bbox 486 3777 548 3830; x_wconf 88' lang='lat' dir='ltr'><strong>illos</strong></span> <span class='ocrx_word' id='word_1_291' title='bbox 562 3779 733 3846; x_wconf 89' lang='lat' dir='ltr'><strong>praecipuam</strong></span> <span class='ocrx_word' id='word_1_292' title='bbox 744 3787 834 3826; x_wconf 87' lang='lat' dir='ltr'><strong>curam</strong></span> <span class='ocrx_word' id='word_1_293' title='bbox 849 3779 968 3846; x_wconf 86' lang='lat' dir='ltr'><strong>gessisse</strong></span> <span class='ocrx_word' id='word_1_294' title='bbox 982 3782 1108 3848; x_wconf 86' lang='lat' dir='ltr'><strong>tanquam</strong></span> <span class='ocrx_word' id='word_1_295' title='bbox 1122 3779 1328 3848; x_wconf 87' lang='lat' dir='ltr'><strong>augustissimae</strong></span> <span class='ocrx_word' id='word_1_296' title='bbox 1343 3785 1377 3832; x_wconf 74' lang='lat' dir='ltr'><strong>et&#39;</strong></span> 
     </span>
     <span class='ocr_line' id='line_1_35' title="bbox 192 3861 991 3918; baseline -0.016 0"><span class='ocrx_word' id='word_1_297' title='bbox 192 3868 313 3918; x_wconf 86' lang='lat' dir='ltr'><strong>vetustae</strong></span> <span class='ocrx_word' id='word_1_298' title='bbox 332 3877 420 3915; x_wconf 89' lang='lat' dir='ltr'><strong>rerum</strong></span> <span class='ocrx_word' id='word_1_299' title='bbox 438 3861 587 3916; x_wconf 84' lang='lat' dir='ltr'><strong>diuinarum</strong></span> <span class='ocrx_word' id='word_1_300' title='bbox 606 3861 707 3912; x_wconf 83' lang='lat' dir='ltr'><strong>matris.</strong></span> <span class='ocrx_word' id='word_1_301' title='bbox 983 3873 991 3887; x_wconf 93' lang='lat'><strong>·</strong></span> 
     </span>
    </p>
   </div>
   <div class='ocr_carea' id='block_1_4' title="bbox 173 3954 1466 4111">
    <p class='ocr_par' dir='ltr' id='par_1_6' title="bbox 173 3954 1466 4111">
     <span class='ocr_line' id='line_1_36' title="bbox 173 3954 1466 4038; baseline 0 -22"><span class='ocrx_word' id='word_1_302' title='bbox 173 4034 175 4038; x_wconf 23' lang='grc' dir='ltr'>Ι</span> <span class='ocrx_word' id='word_1_303' title='bbox 296 3961 328 4028; x_wconf 81' lang='lat'><strong>2)</strong></span> <span class='ocrx_word' id='word_1_304' title='bbox 358 3959 554 4024; x_wconf 86' lang='lat' dir='ltr'><strong>Alexandrum,</strong></span> <span class='ocrx_word' id='word_1_305' title='bbox 578 3957 758 4025; x_wconf 84' lang='lat' dir='ltr'><strong>Antigonum,</strong></span> <span class='ocrx_word' id='word_1_306' title='bbox 785 3954 1040 4030; x_wconf 87' lang='lat' dir='ltr'><strong>Seleucum&#39;magol</strong></span> <span class='ocrx_word' id='word_1_307' title='bbox 1064 3959 1192 4018; x_wconf 85' lang='lat' dir='ltr'><strong>habuisse</strong></span> <span class='ocrx_word' id='word_1_308' title='bbox 1219 3959 1370 4016; x_wconf 82' lang='lat' dir='ltr'><strong>Chaldaeo·</strong></span> <span class='ocrx_word' id='word_1_309' title='bbox 1465 3995 1466 4036; x_wconf 77' lang='lat'><strong>,</strong></span> 
     </span>
     <span class='ocr_line' id='line_1_37' title="bbox 194 4038 1047 4111; baseline -0.006 -11"><span class='ocrx_word' id='word_1_310' title='bbox 194 4048 413 4111; x_wconf 69' lang='lat' dir='ltr'><strong>rummaticinia,</strong></span> <span class='ocrx_word' id='word_1_311' title='bbox 441 4043 576 4098; x_wconf 87' lang='lat' dir='ltr'><strong>Diodorus</strong></span> <span class='ocrx_word' id='word_1_312' title='bbox 595 4038 648 4094; x_wconf 88' lang='lat' dir='ltr'><strong>Sic.</strong></span> <span class='ocrx_word' id='word_1_313' title='bbox 667 4039 752 4092; x_wconf 86' lang='lat' dir='ltr'><strong>relert</strong></span> <span class='ocrx_word' id='word_1_314' title='bbox 770 4040 813 4107; x_wconf 89' lang='lat' dir='ltr'><strong>ll,</strong></span> <span class='ocrx_word' id='word_1_315' title='bbox 832 4047 881 4108; x_wconf 79' lang='lat'><strong>813</strong></span> <span class='ocrx_word' id='word_1_316' title='bbox 907 4043 985 4110; x_wconf 86' lang='lat' dir='ltr'><strong>xlx,</strong></span> <span class='ocrx_word' id='word_1_317' title='bbox 1004 4047 1047 4102; x_wconf 81' lang='grc'><strong>85.</strong></span> 
     </span>
    </p>
   </div>
   <div class='ocr_carea' id='block_1_5' title="bbox 193 4113 1372 4381">
    <p class='ocr_par' dir='ltr' id='par_1_7' title="bbox 193 4113 1372 4381">
     <span class='ocr_line' id='line_1_38' title="bbox 297 4113 1372 4215; baseline -0.003 -12"><span class='ocrx_word' id='word_1_318' title='bbox 297 4147 329 4215; x_wconf 88' lang='grc'><strong>3)</strong></span> <span class='ocrx_word' id='word_1_319' title='bbox 361 4145 449 4199; x_wconf 89' lang='lat' dir='ltr'><strong>Samir</strong></span> <span class='ocrx_word' id='word_1_320' title='bbox 481 4157 527 4195; x_wconf 87' lang='lat' dir='ltr'><strong>rex</strong></span> <span class='ocrx_word' id='word_1_321' title='bbox 552 4136 718 4208; x_wconf 82' lang='lat' dir='ltr'><strong>Babylonius</strong></span> <span class='ocrx_word' id='word_1_322' title='bbox 744 4139 864 4208; x_wconf 86' lang='lat' dir='ltr'><strong>pondera</strong></span> <span class='ocrx_word' id='word_1_323' title='bbox 890 4147 916 4196; x_wconf 88' lang='lat' dir='ltr'><strong>et</strong></span> <span class='ocrx_word' id='word_1_324' title='bbox 941 4159 1078 4198; x_wconf 88' lang='lat' dir='ltr'><strong>mensuras</strong></span> <span class='ocrx_word' id='word_1_325' title='bbox 1104 4135 1238 4198; x_wconf 80' lang='lat' dir='ltr'><strong>inuenisse</strong></span> <span class='ocrx_word' id='word_1_326' title='bbox 1265 4113 1372 4200; x_wconf 76' lang='lat' dir='ltr'><strong>dicitur.</strong></span> 
     </span>
     <span class='ocr_line' id='line_1_39' title="bbox 194 4221 1371 4300; baseline -0.002 -14"><span class='ocrx_word' id='word_1_327' title='bbox 194 4229 392 4286; x_wconf 82' lang='lat' dir='ltr'><strong>Bar-hebraei</strong></span> <span class='ocrx_word' id='word_1_328' title='bbox 411 4227 510 4283; x_wconf 81' lang='lat' dir='ltr'><strong>Chron.</strong></span> <span class='ocrx_word' id='word_1_329' title='bbox 531 4241 557 4292; x_wconf 86' lang='lat' dir='ltr'><strong>p.</strong></span> <span class='ocrx_word' id='word_1_330' title='bbox 578 4229 619 4278; x_wconf 86' lang='lat'><strong>10.</strong></span> <span class='ocrx_word' id='word_1_331' title='bbox 657 4222 697 4280; x_wconf 89' lang='lat' dir='ltr'><strong>Cl.</strong></span> <span class='ocrx_word' id='word_1_332' title='bbox 716 4221 800 4278; x_wconf 81' lang='lat' dir='ltr'><strong>Erech</strong></span> <span class='ocrx_word' id='word_1_333' title='bbox 818 4243 844 4280; x_wconf 90' lang='lat' dir='ltr'><strong>u.</strong></span> <span class='ocrx_word' id='word_1_334' title='bbox 864 4224 970 4283; x_wconf 86' lang='lat' dir='ltr'><strong>Grohor</strong></span> <span class='ocrx_word' id='word_1_335' title='bbox 987 4227 1094 4300; x_wconf 88' lang='lat' dir='ltr'><strong>Encycl.</strong></span> <span class='ocrx_word' id='word_1_336' title='bbox 1121 4228 1180 4286; x_wconf 86' lang='lat' dir='ltr'><strong>Art.</strong></span> <span class='ocrx_word' id='word_1_337' title='bbox 1203 4228 1371 4286; x_wconf 72' lang='lat' dir='ltr'><strong>Phoenicior.</strong></span> 
     </span>
     <span class='ocr_line' id='line_1_40' title="bbox 193 4305 901 4381; baseline -0.007 -11"><span class='ocrx_word' id='word_1_338' title='bbox 193 4314 318 4380; x_wconf 81' lang='lat' dir='ltr'><strong>Boeelrh‚</strong></span> <span class='ocrx_word' id='word_1_339' title='bbox 343 4310 497 4376; x_wconf 66' lang='lat' dir='ltr'><strong>necrolog,</strong></span> <span class='ocrx_word' id='word_1_340' title='bbox 509 4305 747 4380; x_wconf 85' lang='lat' dir='ltr'><strong>llntersuohungcn</strong></span> <span class='ocrx_word' id='word_1_341' title='bbox 765 4327 791 4380; x_wconf 88' lang='lat' dir='ltr'><strong>p.</strong></span> <span class='ocrx_word' id='word_1_342' title='bbox 809 4311 840 4366; x_wconf 86' lang='lat'><strong>41</strong></span> <span class='ocrx_word' id='word_1_343' title='bbox 862 4325 901 4381; x_wconf 88' lang='lat' dir='ltr'><strong>sq.</strong></span> 
     </span>
    </p>
   </div>
   <div class='ocr_carea' id='block_1_6' title="bbox 0 0 1494 5012">
    <p class='ocr_par' dir='ltr' id='par_1_8' title="bbox 0 0 1494 5012">
     <span class='ocr_line' id='line_1_41' title="bbox 0 0 1494 5012; baseline 0 0"><span class='ocrx_word' id='word_1_344' title='bbox 0 0 1494 5012; x_wconf 95' lang='lat' dir='ltr'><strong> </strong></span> 
     </span>
    </p>
   </div>
  </div>
 </body>
</html>
