2974 5012
1254 297 1308 364 ll-

112 469 204 532 nibus
226 467 378 551 propriis,
402 485 484 558 quae,
505 467 684 548 Babyloniis
710 469 810 532 allinia
833 475 919 550 sunt,
943 474 1035 554 atque
1056 475 1097 532 eir
1120 489 1295 533 monumen-

113 573 155 634 tis
185 573 299 635 nostris
323 571 446 633 demum
469 572 656 652 temporibus
680 573 826 654 detectis,
849 563 979 653 'quornm
1000 569 1217 652 'inscriptiones
1239 561 1295 636 cn-

112 679 221 737 ncatas
241 693 286 746 er
307 667 439 738 dialecto
463 672 631 736 Pehlenica
655 681 800 738 successu
823 657 991 737 laetissimo
1013 675 1071 735 viri
1093 675 1175 750 docti
1190 677 1295 757 expli-

114 795 188 840 care
211 781 380 860 coeperunt
396 775 436 861 ¹).
455 787 462 810 ⁴
487 776 665 864 esttamen
691 796 742 838 res
766 775 893 869 nondum
916 777 994 839 satis
1014 777 1172 838 enucleata
1196 796 1296 860 neque

106 881 266 942 absoluta.
310 881 460 958 Linguam
486 883 571 940 certe
597 879 777 942 Aramaeam
798 881 827 940 in
850 881 984 960 emporio
1003 879 1174 962 scholisque
1188 880 1297 960 Assy·

113 982 226 1044 riorum
252 983 329 1045 salis
352 985 450 1045 tritam
474 984 506 1042 et
531 981 690 1059 uulgarem
717 963 832 1062 luisse,
867 983 935 1044 ionic
961 981 1076 1065 liquet,
1107 984 1187 1064 qnod
1210 984 1295 1046 Ara-

116 1103 222 1166 macas
252 1103 349 1148 voces
383 1079 490 1146 multas
521 1083 562 1144 ln
578 1084 737 1147 dialectum
768 1083 961 1174 PehlevIcam
985 1082 1151 1166 irrepsisse
1180 1085 1296 1146 Bohle-

116 1189 191 1248 nius
204 1183 251 1270 ².)
269 1189 391 1250 docuit.
427 1193 524 1286 neque
556 1187 789 1266 omittendum,
800 1189 879 1270 quod
903 1163 1009 1266 lingua
1032 1177 1163 1267 Syriaca
1186 1191 1296 1268 poste-

115 1290 249 1350 rioribus
280 1292 369 1352 aevis
399 1291 428 1350 ln
455 1289 508 1351 illa
537 1291 667 1368 regione
695 1289 821 1370 ubique·
837 1291 940 1367 viguit
964 1287 1115 1370 hodieque
1138 1295 1297 1371 superstes
1361 1371 1364 1376 Ι

115 1397 178 1454 est.
223 1393 275 1453 lix
305 1392 425 1476 lesaiae
446 1391 515 1453 loco
539 1409 566 1452 c.
587 1389 703 1470 XXX,
723 1389 782 1454 iti.
812 1391 883 1452 nlhil
907 1391 945 1478 de
970 1391 1166 1470 Assyriorum
1192 1393 1297 1468 lingua
1332 1377 1333 1384 ¹

117 1493 245 1574 probari
272 1497 365 1576 puto,
403 1495 514 1582 quippe
541 1495 631 1574 plane
659 1493 868 1556 abhorruisset
899 1493 936 1562 ab
966 1493 1106 1556 idiomate
1135 1495 1297 1566 Hebrae03

117 1599 189 1678 qnia
213 1615 279 1660 meo
305 1597 424 1678 quidem
447 1587 636 1659 iudicio‘non
661 1597 698 1657 dc
723 1596 867 1676 Assyriis
888 1582 1217 1678 luqnitur'prophcta,
1241 1595 1296 1656 sed

116 1699 155 1759 de
181 1701 257 1760 uiris
281 1719 357 1761 suae
380 1701 476 1780 ipsios
499 1701 603 1777 gentis
629 1697 820 1762 scholasticis
843 1698 972 1762 barbare
995 1699 1081 1760 ninris
1101 1703 1133 1760 e't
1155 1699 1297 1761 abstruse

115 1801 320 1882 loquentibus.
365 1801 496 1863 Facilius
526 1819 567 1862 ox
592 1800 652 1860 les.
674 1795 826 1882 XXVlll,
852 1801 910 1875 113
948 1801 1041 1863 lierni.
1065 1799 1218 1880 XXVlll,
1242 1799 1296 1864 49.

117 1905 265 1984 q'nlspiam
293 1899 506 1983 concluderet,
552 1902 670 1964 alienae
701 1909 732 1966 et
763 1905 895 1984 ignotae
921 1905 1045 1982 linguae
1076 1923 1141 1966 eam
1172 1907 1295 1982 gentem

117 2007 234 2085 inisse,
266 2007 296 2066 in
324 2008 408 2069 cuins
440 2007 625 2086 potestatem
651 2005 810 2068 israelitae
839 2007 897 2068 liei
928 2005 1045 2068 numine
1076 2007 1178 2067 traditi
1209 2011 1296 2079 suut3

118 2125 217 2190 neque
242 2113 340 2170 tamen
362 2109 391 2168 in
413 2107 511 2188 ipsam
537 2106 716 2169 Aramaeam
738 2108 872 2186 linguam
893 2108 951 2170 lroc
973 2127 1032 2170 non
1055 2109 1220 2189 quadraret
1243 2106 1297 2167 ln-

114 2211 262 2273 daeorum
285 2211 368 2292 plebi
391 2211 545 2290 ignotam,
576 2209 683 2271 deinde
709 2211 738 2270 in
762 2213 901 2274 exercitu
927 2205 1131 2290 Assyriorum
1146 2213 1178 2273 ct
1201 2208 1298 2272 cnar-

118 2315 264 2376 daeorum
284 2314 481 2395 proculdubio
505 2313 645 2375 nationes
674 2317 887 2392 congregatae
916 2317 1002 2376 erant
1030 2329 1082 2373 ore
1103 2315 1135 2374 et
1155 2329 1294 2382 sermone

119 2435 247 2500 prorsus
273 2417 310 2478 ab
335 2415 485 2484 israelitis
505 2415 623 2478 alienae
647 2419 680 2479 et
698 2420 834 2478 remotae
848 2411 890 2500 9).
1110 2417 1123 2430 ’

220 2519 305 2602 Quae
334 2535 409 2580 vero
444 2519 562 2580 omnino
594 2522 626 2580 et
655 2519 684 2579 in
715 2519 851 2580 omnibus
878 2519 990 2598 regula
1021 2516 1214 2586 observanda
1238 2519 1299 2596 est,

119 2621 153 2683 ut
184 2621 222 2684 ad
252 2621 389 2684 cuiusvis
420 2622 465 2682 rei
488 2621 624 2699 origines
648 2621 845 2698 regrediatur
869 2623 1028 2706 quaestio,
1057 2619 1163 2682 liade
1189 2603 1297 2698 Assy-

120 2726 174 2786 riis
203 2725 263 2785 vix·
289 2723 365 2786 certi
399 2723 468 2804 quid
499 2723 592 2786 statui
622 2726 727 2804 potest
758 2724 815 2784 nisi
846 2725 1067 2804 babylonis
1101 2721 1188 2782 simul
1220 2723 1299 2782 ratio

119 2826 279 2890 habeatur.
327 2825 429 2888 Assur
460 2827 536 2886 enim
560 2827 720 2906 Babylone
750 2827 845 2901 exiit3
873 2827 1033 2905 Babylone
1054 2827 1152 2884 antem
1175 2823 1299 2882 Ninrro-

122 2931 180 2991 dus
205 2931 273 2992 olim
299 2931 463 3009 papamet
487 2929 632 2990 donrinu'm
656 2931 785 3006 egerat,
822 2929 874 3009 qui
897 2926 1026 2988 anavibus
1048 2922 1210 3002 appulerat
1233 2922 1300 2980 blu-

123 3032 242 3113 phratis
277 3031 368 3091 litora
408 3049 450 3092 ex
483 3029 651 3111 Aethiopia
681 3029 812 3090 advena.
865 3027 1010 3106 Origines
1040 3043 1119 3102 ergo
1148 3023 1318 3104 Assyriae·
1362 3022 1367 3028 ’

124 3133 318 3218 quaerendae
342 3137 411 3195 sunt
433 3133 611 3212 Babylone,
650 3131 819 3211 Babylonis
843 3131 980 3210 origines
1005 3131 1035 3192 in
1055 3129 1156 3191 Nuhla
1176 3132 1208 3190 et
1231 3128 1300 3190 Ae·-

119 3305 329 3316 ...—

226 3421 258 3488 1)
283 3413 491 3491 inscriptiones,
518 3436 612 3492 quas
605 3420 639 3474 ad
658 3383 726 3474 hunc
745 3421 812 3474 diem
827 3421 996 3488 interpretati
1013 3421 1087 3480 sarri,
1106 3419 1220 3485 tempori
1237 3413 1301 3469 Per-

123 3522 213 3560 sarum
239 3510 420 3576 assignantur.
457 3506 524 3560 Sunt
548 3524 612 3561 vero
640 3509 826 3576 nuperrime
819 3505 889 3558 aliae
915 3510 1038 3572 repertae
1058 3508 1084 3556 et
1103 3504 1302 3554 accuratissime

123 3589 237 3644 Parisiis
250 3607 303 3645 una
318 3609 375 3646 cum
394 3594 540 3664 figurarum
554 3592 653 3645 tabulis
667 3593 876 3658 transscriptae‚
900 3603 968 3658 quac
987 3589 1087 3655 linguis
1102 3586 1189 3638 tribus
1203 3591 1303 3638 tontum

104 3676 234 3731 'eundem
254 3694 406 3747 proponere
425 3678 557 3732 videntur.
592 3677 633 3730 Ad
649 3675 844 3728 Chaldaeorum
865 3678 891 3723 et
910 3671 1079 3738 Assyriorum
1097 3675 1221 3736 tempora
1236 3668 1303 3723 haec

123 3768 291 3816 monumenta
315 3765 477 3818 relcruntur
520 3763 666 3816 Lassenins
686 3759 786 3828 aliique
804 3759 910 3824 putant,
936 3769 1014 3806 unum
1033 3753 1235 3821 inscriptionum
1254 3769 1302 3826 ge·
1351 3786 1354 3790 -

124 3863 172 3901 nus
191 3849 310 3917 linguam
328 3849 486 3902 Aramaeam
487 3847 638 3918 prolerre

227 3947 261 4011 2)
227 3945 326 4000 2.til
343 3947 486 4018 Symbolac
505 3946 539 4000 aul
558 3948 696 4016 interpret.
717 3941 791 3996 Sacr.
813 3937 879 3992 (iod.
900 3937 1014 4006 erling
1032 3933 1106 3990 Pers.
1115 3939 1304 4012 ,uhiogios-

127 4031 199 4082 sario
230 4029 372 4086 Pchlcuico
405 4035 477 4124 apud
507 4031 686 4102 Anquetilium
707 4024 825 4080 secundo
852 4023 983 4092 permulta
1007 4023 1140 4076 uocabula
1168 4027 1306 4093 congessit
1409 4043 1412 4050 ¹
1474 4007 1475 4034 ³

125 4099 274 4170 Aramaeae
292 4121 417 4188 originis.
460 4117 546 4171 Simili
564 4113 643 4170 modo
664 4111 807 4167 Persarum
829 4109 921 4176 lingua
939 4107 1073 4160 recentior
1094 4095 1189 4160 multas
1207 4105 1305 4161 Arabi

124 4213 169 4252 cas
188 4215 268 4254 noces
290 4205 402 4273 recepit.

228 4299 260 4368 3)
230 4299 470 4354 3Ιοιιιιιῑιιεο
440 4301 477 4368 (o.
500 4291 532 4364 V,
561 4299 608 4366 15)
634 4297 666 4352 de
693 4295 888 4350 Chaldaeorum
915 4291 1032 4344 exercitu
1062 4287 1131 4342 idem
1157 4293 1305 4352 annuntiat

124 4383 195 4451 quod
214 4383 318 4438 lesaias
337 4385 369 4439 de
388 4385 516 4454 Assyriis
