3014 5008
206 285 270 356 134

208 463 242 524 et
267 458 459 541 degenerata
485 458 578 543 atqae
599 452 721 522 Urmlae
744 473 763 519 a
783 453 854 518 rtet
881 451 1143 537 praelleatorilms
1163 452 1395 518 Testamentum

208 553 330 626 Novum
344 561 508 642 syrianam
525 559 611 643 typis
635 551 779 632 'exessum
798 559 858 620 est.
900 557 966 620 S'ed
990 559 1140 638 avaritia,
1161 557 1338 640 ignorantia
1361 560 1396 618 et

210 663 351 729 motata
379 662 532 728 humilitas
561 679 665 726 omnes
695 663 762 728 iere
783 661 893 742 prendt
914 661 948 725 et
969 660 1104 743 ohliaet,
1138 662 1190 744 qni
1210 659 1264 754 illa
1287 659 1317 740 im
1338 676 1397 724 ree

210 767 306 846 giorno
327 763 570 842 Christianorum,
586 781 693 828 nomen
716 766 839 843 gerum
1009 779 1038 796 ··

312 867 449 930 Vldirnns
476 885 573 950 sopra
600 868 631 930 in
658 865 785 930 historia
814 865 1062 944 Nestoriarlsml,
1094 862 1229 928 seholaar
1253 863 1395 940 lldease-

209 987 277 1034 nam
307 972 400 1053 atque
429 987 494 1033 eom
514 985 562 1033 ea
589 970 692 1034 stadia
721 969 901 1053 litterasque
928 967 1077 1048 Syriacas
1104 956 1224 1030 Nlalhin
1247 968 1396 1030 innomi-

211 1089 341 1155 grasae,
374 1089 429 1134 ex.
442 1087 503 1156 qao
532 1074 670 1154 tempore
702 1072 783 1154 apnd
809 1071 1012 1160 Nestoriaaos
1039 1073 1066 1130 ι’.
1095 1067 1198 1149 Syros
1229 1069 1396 1142 orioatates

211 1170 319 1250 lingna
347 1173 481 1254 Syriaca
509 1175 539 1237 in
566 1173 674 1239 sehola
693 1169 841 1238 Nisibena
861 1174 990 1236 maxinm
1012 1170 1179 1235 oolehatrr.
1220 1161 1397 1242 ltenaarse'-

211 1275 282 1337 rant
308 1276 409 1346 tamen
434 1276 574 1340 lldessae
599 1277 658 1340 viri
685 1277 803 1360 aliquot
832 1275 915 1362 dpeti
938 1273 1143 1348 etstndios13
1171 1273 1305 1357 seddai
1325 1275 1396 1340 lle-

212 1376 308 1440 storio
329 1381 523 1462 restlterant,
552 1379 742 1443 tradiderunt
761 1397 797 1440 se
818 1375 1162 1457 emorinoonntyents,
1182 1395 1261 1460 qnos
1276 1380 1397 1460 primas

211 1461 376 1544 Barsanraa
390 1480 634 1547 Arehimandrita
651 1481 681 1542 in
695 1479 820 1544 Oriente
837 1465 1049 1551 disseminavit
1066 1476 1106 1558 ¹).
1150 1477 1261 1542 Variae
1282 1481 1396 1544 exinide

214 1551 484 1664 Mempi'ydttisni
505 1559 623 1646 termae
642 1587 772 1652 exortae
794 1586 866 1646 snnt
885 1583 914 1644 in
936 1582 1066 1662 Syriae,
1088 1579 1185 1642 Asiae
1206 1585 1238 1646 el
1252 1581 1399 1666 Aegypti

214 1679 340 1758 delham
377 1686 537 1748 lactionum
566 1688 599 1748 et
627 1683 760 1746 rixarum
792 1702 849 1748 nee
872 1685 979 1774 modos
1004 1686 1072 1746 erat
1091 1701 1149 1746 nee
1166 1682 1243 1746 hals.
1283 1685 1398 1749 Alter-

215 1781 375 1866 eatlones,·
397 1785 542 1868 dissidia,
572 1784 670 1865 heila,
697 1783 925 1850 deteilrallones
947 1789 1042 1850 totam
1060 1785 1186 1866 syriam
1206 1785 1397 1872 depopulari,

216 1884 319 1976 artes,
359 1885 547 1971 dieeiplinam
577 1887 777 1970 tenerasque,
815 1888 929 1970 qnippe
957 1901 1037 1971 qaae
1067 1906 1144 1968 paee
1175 1890 1209 1952 et
1231 1889 1294 1950 otlo
1313 1889 1396 1952 indi-

215 1988 330 2068 geant,
367 1987 570 2054 exterminare
599 1993 634 2055 et
660 1989 790 2052 olrrere
820 1989 1021 2054 annonantur.
1064 1989 1122 2056 llhi
1150 1993 1224 2072 post
1242 1990 1397 2056 Tenoneor

215 2088 250 2152 et
284 2089 500 2175 Anastmium,
541 2091 746 2176 Imperatores
775 2091 1004 2174 Monoplysitia
1041 2107 1233 2184 propensos,
1264 2093 1397 2162 loetiaua

216 2191 381 2274 episcopos
409 2213 514 2258 omnes
540 2195 697 2258 eonsilium
721 2191 972 2264 Uhaleedonense
996 2196 1206 2276 eomprolare·
1219 2195 1398 2264 moredan-

215 2292 265 2354 tes
289 2293 422 2358 earlilms'
435 2295 628 2378 deturbavit,
648 2297 762 2360 iaetnra
782 2300 833 2362 est
853 2297 982 2360 maxime
1001 2315 1100 2378 opera
1121 2297 1223 2366 laeohl
1247 2300 1398 2380 Baradaei

215 2391 385 2479 edessem,
412 2402 448 2464 ot
476 2397 714 2482 lilonoplnyaitae
743 2399 775 2460 in
804 2399 899 2492 Syria
929 2400 967 2463 ah
996 2399 1128 2468 eeekaia
1153 2400 1274 2478 (iraeea
1305 2420 1398 2484 pror-

216 2511 271 2557 sns
306 2499 406 2564 avulsi
439 2506 519 2565 ‘snos
546 2503 605 2586 sili
630 2499 818 2585 patriarelras
849 2502 1034 2566 constituere
1063 2503 1188 2566 onmem
1211 2501 1397 2570 indoeereat.

215 2595 267 2661 Ala
291 2601 397 2666 eodem
411 2589 647 2687 llionophysitrs
668 2597 933 2680 laeohitarnm
958 2622 1065 2668 nomem
1086 2607 1223 2672 traxisse
1235 2609 1398 2674 verlsinrlle

216 2703 277 2765 est.
319 2704 453 2770 Stahtm
482 2709 582 2771 antem
611 2707 750 2790 episeopl
779 2706 898 2788 plurimi
928 2725 988 2770 non
1012 2698 1247 2790 solem-'Syriae
1276 2715 1309 2777 et
1330 2713 1398 2776 Pa-

214 2801 364 2872 laestinae
401 2808 459 2872 sed
491 2811 582 2876 etiam
612 2809 856 2902 Mesopotamiae
878 2821 904 2872 a
934 2811 1075 2893 partibas
1102 2809 1396 2898 monophysitaru,

216 2906 296 2972 inter
325 2929 404 2994 qnos
434 2913 572 2996 episeopi
593 2911 742 2994 Amidae,
771 2912 930 2993 lldeaaae,
963 2909 1083 2992 llaraa,
1110 2913 1398 3009 ltlresainaektlir-

215 3011 307 3091 testi,
332 3013 436 3078 Darae
458 3019 656 3090 reeensentar
670 3009 718 3099 ²)‹
757 3014 940 3086 lta.iaetnm
962 3017 1036 3095 eot‚.
1060 3017 1094 3084 rt
1114 3035 1204 3100 qaam
1226 3018 1398 3085 orientales

112 3165 114 3171 .
214 3109 455 3178 Nestorlanismo
485 3117 648 3198 faverent,
680 3133 755 3199 paro
784 3115 882 3182 Asiae
906 3117 1105 3180 oeeldentalis
1140 3137 1240 3204 eaque
1269 3123 1397 3186 maxima

213 3213 368 3294 propriam
387 3214 590 3281 laoohitarnm
619 3221 738 3284 eoetnm
756 3220 999 3284 -eonstltueret-
1023 3219 1118 3284 llrant
1146 3223 1222 3284 eninr
1242 3223 1318 3303 syri
1340 3223 1396 3290 la·

215 3312 334 3378 eohltae
362 3301 511 3384 soeietate
533 3322 600 3426 ‘torn
624 3319 776 3384 Armeniis
798 3320 949 3412 eonionett
965 3323 1031 3428 ¹tnm
1055 3323 1236 3407 Aegyptiis.
1279 3322 1397 3389 Arare·

217 3464 421 3480 m

318 3579 349 3652 1)
371 3581 429 3640 Lea
449 3586 581 3670 extremes
605 3603 635 3643 se
659 3585 793 3644 tanehent.
828 3587 972 3659 Ebionitao
991 3596 1018 3646 et
1035 3590 1232 3664 Petripassiarrl
1248 3597 1396 3666 antiquitus

212 3663 353 3736 insyria.
389 3667 429 3726 (li.
459 3669 598 3728 dnodeelrn
623 3671 797 3730 Testamenta
824 3680 851 3729 et
873 3673 976 3746 Evnng.
995 3691 1048 3732 soe.
1065 3675 1222 3750 Aegyptios.
1257 3677 1396 3749 liedepen-

212 3749 294 3820 ming,
321 3750 455 3822 Origenes
479 3755 501 3810 1.
523 3770 588 3827 pag.
610 3757 654 3816 96.
690 3757 812 3814 Concilio
840 3759 911 3830 qaod
930 3759 1098 3816 Chaloedone
1116 3767 1211 3816 eontra
1233 3761 1396 3833 chrysosto-

211 3843 281 3886 mant
310 3845 508 3908 oonvoparerat
538 3839 704 3911 Theophilus
738 3843 950 3912 Alexandrinas,
989 3848 1131 3916 episeopos
1159 3845 1245 3916 Syros
1276 3842 1407 3924 adinisao·

211 3912 421 3994 (Πῑῐιῦθῡῐθιιῑιιιι
436 3926 557 4006 queritur
574 3926 603 3978 ln
620 3940 663 3996 ep.
678 3927 713 3982 ad
727 3927 920 3986 lnnooentimn.
955 3929 1062 4002 Seripta
1078 3928 1189 4000 cyrilli,
1209 3929 1354 4002 Theophili
1371 3935 1399 3988 et

211 4005 308 4070 postea
326 4001 437 4072 Severi,
460 4005 574 4075 loliani,
598 4010 713 4066 aliorum
731 4011 842 4083 spriaee
862 4014 1036 4076 vertebantur
1053 4011 1183 4072 Edessae.

313 4101 347 4170 2)
372 4101 420 4160 ct*
438 4103 541 4165 Assem.
572 4113 637 4162 torn.
668 4108 718 4175 ll.‚
744 4109 853 4166 dissert.
878 4111 911 4168 de
933 4111 1133 4184 Menophyaitia
1155 4093 1188 4187 5.
1204 4120 1229 4168 2.
1264 4111 1296 4168 ln
1318 4111 1400 4184 Syria

208 4180 409 4258 llondplryaitis
429 4189 610 4248 adhaererent
627 4189 748 4265 episeopi
765 4195 916 4265 Apameae,
940 4196 1111 4264 Laodieeae‚
1134 4197 1251 4268 Aleppt,
1265 4195 1398 4276 hamuel,

211 4262 367 4339 Palmyrae,
391 4273 478 4345 Tyri,
505 4274 706 4347 disponendae,
730 4277 911 4351 epiphanias,
924 4281 1080 4362 ,Salutem
1105 4282 1203 4354 qnihna
1228 4288 1401 4340 amorrui

214 4350 263 4406 alii
282 4367 314 4408 ex
332 4353 413 4411 Caria
433 4363 460 4412 et
477 4358 550 4415 lisia.
995 4397 998 4404 ·
