2956 5004
221 297 285 378 332

222 471 453 550 congregemini
474 487 534 532 uos
557 487 660 532 omues
682 471 715 532 et
738 487 801 548 ego
825 469 981 532 vobiscum
1000 469 1108 550 spiritu
1127 510 1135 528 .
1152 509 1162 528 .
1177 472 1209 530 et
1233 469 1388 531 tradatis

223 575 301 638 huno
328 575 474 638 Suburae.
523 573 611 651 hlrgo
640 591 699 635 non
727 589 824 653 pones
854 573 1029 652 episcopum
1049 572 1104 633 sed
1128 589 1222 650 penes
1239 571 1387 634 ecclesiam

223 698 288 742 cum
311 678 458 758 episcopo
478 677 665 739 coniunctam
688 679 756 737 erat
778 675 832 736 illo
855 678 993 755 ternpore
1014 675 1060 734 ius
1075 675 1389 736 excommunicationis.

224 783 311 846 Diem
338 778 533 842 sabbatorum
568 780 691 858 primurn
717 781 825 858 utpote
851 776 928 840 diem
958 777 1078 838 Domini
1108 775 1290 838 celebratam
1319 794 1390 854 csse,

224 883 370 966 probatur
402 899 445 942 ex
472 879 496 942 l.
527 879 615 943 Cor..
629 880 691 961 Xl,
722 879 775 944 20.
820 879 870 942 Ad
895 878 1142 956 archaeologiam
1164 871 1388 940 ecclesiasticam

224 989 348 1066 spectat
381 982 455 1044 illud
483 1001 620 1064 quoque,
656 982 738 1066 quod
766 983 860 1044 llehr.
891 981 949 1060 Vl,
981 979 1012 1043 4,
1041 981 1168 1043 verbum
1196 978 1277 1052 ἅναξ
1305 1003 1392 1059 φωτι-

224 1089 352 1160 σθέντες
381 1105 400 1149 a
424 1086 507 1164 Syro
531 1086 677 1148 vertitur:
707 1086 757 1167 qui
787 1083 882 1146 semel
908 1085 946 1146 ad
967 1081 1390 1164 baptismum‘deseendernnt

108 1209 111 1216 ·
225 1191 303 1254 unde
333 1191 462 1270 apparet
489 1187 613 1268 primum
636 1207 745 1252 recens
766 1187 944 1268 baptizatos
970 1185 1068 1248 dictos
1091 1204 1163 1246 esse
1183 1187 1391 1266 φωτισθέντας,

225 1293 334 1357 deinde
359 1283 388 1352 in
411 1291 550 1352 balneum
581 1289 798 1372 descendisse,
828 1292 877 1372 qui
902 1289 1149 1369 baptizabantur.
1196 1287 1280 1370 Quod
1303 1292 1390 1348 auten

227 1398 356 1458 infantes
377 1393 528 1474 baptizari
551 1391 692 1454 solebant
714 1393 743 1452 in
765 1393 898 1455 ecclesia
922 1394 1062 1474 antiqua,
1086 1391 1167 1452 innui
1188 1392 1261 1470 puto
1281 1388 1304 1450 l.
1326 1387 1389 1451 Cor.

227 1498 301 1576 vii,
332 1492 400 1574 14.,
436 1495 485 1555 ubi
517 1489 634 1572 Syrus:
671 1493 802 1576 alioquin
834 1495 885 1556 lilii
915 1513 1017 1558 eorum
1042 1493 1154 1575 polluti
1179 1495 1296 1570 essent,
1324 1509 1390 1550 nnnc

226 1621 325 1680 autem
353 1614 420 1694 puri
440 1614 526 1686 sunt3
554 1611 634 1692 quod
656 1613 732 1674 euim
754 1611 827 1694 ἅγια
848 1613 949 1674 reddit
972 1630 1030 1694 per
1054 1629 1164 1674 vocem
1183 1614 1281 1704 <⁴:22,
1311 1609 1336 1668 in
1358 1625 1389 1668 eo

226 1721 262 1782 ad
291 1716 471 1794 baptismum
499 1714 680 1792 respexisse
708 1715 841 1776 videtur.
895 1715 941 1778 lle
971 1713 1173 1794 eucharistia,
1206 1713 1243 1774 de
1265 1709 1390 1792 precibus

225 1824 284 1884 etc.
317 1814 519 1880 conferendus
550 1818 600 1877 est
625 1813 715 1878 locus
744 1815 819 1882 Act.
848 1816 894 1897 ll,
918 1818 971 1882 47.
1015 1818 1055 1880 lit
1075 1816 1151 1878 illud
1173 1833 1296 1893 moneo,
1319 1811 1389 1894 quod

226 1919 373 2004 baptizari
401 1912 478 1997 ὑπὲρ
507 1921 567 1980 νῶν
596 1924 707 1998 νεκρῶν
736 1921 867 1982 vertitur
894 1937 912 1980 a
938 1919 1038 1999 Syro:
1073 1919 1164 2000 loco,
1195 1937 1249 2000 pro
1273 1916 1391 1992 mortuis,

226 2043 312 2108 qnam
346 2020 580 2100 explicationem
614 2038 719 2082 verani
750 2019 859 2083 habeo.
907 2022 992 2084 Petri
1023 2022 1164 2083 doctrina
1191 2021 1229 2082 de
1257 2019 1390 2099 baptismo

225 2127 251 2190 l.
273 2127 359 2188 Patr.
391 2121 453 2202 lll,
485 2121 538 2185 nl.
563 2123 679 2184 minime
703 2125 779 2186 satis
801 2123 957 2186 intellecta
979 2126 1029 2185 est
1052 2124 1089 2184 ab
1114 2124 1282 2204 interprete
1304 2122 1391 2199 Syro;

228 2232 314 2312 patet
340 2227 509 2286 autem'ex
534 2225 637 2286 verbis
661 2226 727 2286 eius
749 2227 1048 2313 „counrconiitenrini
1072 2226 1172 2287 Deum
1194 2227 1223 2286 in
1246 2224 1390 2288 conscien-

226 2334 269 2396 tia
298 2327 403 2410 pura“
432 2325 490 2387 Dei
519 2329 740 2390 confessionem
769 2329 880 2389 iactam
904 2347 975 2391 esse
997 2331 1025 2390 in
1048 2329 1212 2415 baptismo.
1255 2326 1287 2388 ln
1309 2340 1391 2386 coena

226 2451 315 2497 sacra
346 2429 482 2507 vestigia
512 2431 749 2493 consecrationis
779 2431 934 2510 reperisse
965 2431 1033 2493 mihi
1057 2431 1178 2494 videor.
1221 2429 1244 2491 l.
1268 2426 1333 2492 Cor.
1356 2421 1390 2500 X,

228 2551 279 2618 16.
309 2541 342 2614 nd
371 2549 518 2628 ποτήριον
540 2555 591 2625 τῆς
613 2547 753 2631 εὖλογίας
774 2540 793 2610 ὃ
815 2545 997 2631 εὖλογοῖνμεν
1022 2551 1058 2613 S.
1083 2523 1225 2625 ilha2022
1245 2553 1303 2607 001
1321 2528 1391 2616 him

224 2655 427 2766 <mim-²
460 2669 600 2748 P⁰⁰¹¹¹¹¹¹¹¹
636 2667 696 2730 ¹¹⁰⁰
731 2668 900 2746 gratiarum
930 2669 1076 2750 actionis,
1114 2670 1164 2731 oui
1194 2664 1392 2730 benedicinus.

224 2776 307 2840 lderu
335 2769 461 2872 uerbum
490 2770 650 2836 adhibetur
672 2769 709 2838 C.
732 2769 796 2851 Xl,
822 2769 875 2832 nt.
899 2768 936 2830 de
957 2787 1054 2852 pane,
1085 2771 1136 2832 ubi
1161 2773 1191 2834 in
1214 2769 1327 2834 Graeco
1349 2763 1390 2824 lc-

226 2895 310 2974 gitur
329 2886 552 2970 εὔχαριστὴσνς
575 2887 701 2970 ibinus,
738 2890 767 2950 in
788 2888 932 2951 versione
953 2887 1028 2968 Syr.
1050 2891 1149 2954 autem
1167 2873 1268 3002 iffa]
1289 2889 1389 2979 ,οξ-90

226 2999 258 3058 et
278 2992 437 3057 benedixit
458 2994 491 3056 et
511 2992 619 3071 fregit.
665 2989 807 3056 Ceterum
832 3009 873 3053 ex
893 2991 998 3052 uerbis
1014 2991 1155 3071 Syriacis
1170 2998 1231 3056 tum
1252 2989 1389 3058 inlivan·

226 3097 319 3178 geliis
340 3097 401 3158 tum
424 3094 454 3156 iu
476 3109 526 3174 ep.
551 3094 588 3156 ad
612 3091 685 3158 Cor.
705 3095 796 3158 facile
818 3094 1032 3174 cognoscitur,
1055 3093 1136 3176 quod
1161 3111 1275 3158 coenae
1295 3102 1390 3152 sacrae

119 3219 122 3226 ⁴
225 3201 301 3262 ritus
325 3199 357 3258 et
379 3197 527 3260 institutio
549 3197 586 3260 ad
608 3196 786 3260 ludaeorum
809 3199 886 3260 ritus
912 3201 944 3258 ct
967 3195 1004 3258 V.
1026 3193 1065 3260 Τ.
1086 3215 1211 3258 coenam
1234 3190 1399 3278 paschalem

153 3305 159 3316 ‘
226 3299 414 3364 conformata
442 3301 522 3360 sunt.
572 3298 597 3362 Ι.
627 3297 701 3364 Gor.
727 3299 791 3380 Xl,
821 3298 872 3362 20.
894 3299 992 3362 verba
1011 3295 1066 3364 oria
1087 3294 1153 3362 ἔστι
1174 3291 1316 3380 adoranda
1336 3295 1390 3354 ‹iai-

225 3424 303 3466 πνον
331 3408 439 3481 φαγεῖν
456 3400 530 3460 miro
551 3401 639 3463 modo
662 3405 839 3464 vertuntur:
871 3418 930 3460 non
951 3401 1162 3464 sicut-iustum
1185 3405 1236 3462 est
1253 3398 1311 3460 diei
1330 3395 1390 3456 Do-

224 3507 295 3570 mini
320 3504 434 3582 nostri,
470 3502 559 3564 editis
592 3506 624 3566 et
651 3503 766 3567 bibitis.
811 3503 897 3565 Diem
925 3503 1022 3580 igitur
1051 3502 1227 3586 dominicam
1248 3499 1305 3562 dici
1324 3511 1390 3558 con-

225 3611 344 3672 suetum
366 3608 449 3686 erat,
475 3609 655 3668 nouantem
678 3623 801 3670 coenam
824 3605 955 3668 Domini.
999 3603 1037 3666 V.
1059 3606 1112 3670 27.
1135 3605 1255 3670 ἐσθίειν
1274 3598 1391 3674 ἀναξίως

225 3712 327 3792 Syrus
347 3709 425 3772 male
446 3709 556 3772 vertit:
581 3710 631 3790 qul
650 3709 761 3772 biberit
776 3725 818 3771 ex
829 3708 940 3791 poculo
954 3709 986 3770 et
999 3725 1057 3772 uon
1070 3711 1119 3772 est
1134 3710 1246 3790 dignus
1261 3699 1343 3787 eo²)·
1356 3731 1387 3745 -

330 3943 360 4012 1)
383 3941 423 3997 Ex
447 3961 489 4014 ep.
515 3946 549 4000 ad
573 3945 637 4002 Cor.
661 3934 795 4017 interpres
819 3945 903 4017 Syrus
920 3945 1036 4016 explieat
1053 3945 1140 3998 loounr
1159 3961 1201 4015 ep.
1220 3944 1254 3999 ad
1272 3935 1390 3999 haunit

226 4034 268 4084 20.
291 4023 324 4080 cd
348 4023 418 4096 αἷμα
439 4027 487 4098 τῆς
510 4028 647 4099 διαθήκης
671 4029 766 4084 κοινόν
788 4028 971 4102 ἡγησάμενος,
997 4029 1031 4084 ud
1058 4043 1126 4100 quae
1145 4029 1301 4101 explicanda
1319 4027 1391 4078 utitur

227 4113 317 4169 uerbis
344 4128 376 4168 ex
398 4112 432 4168 ll.
458 4113 521 4170 Cor.
546 4115 599 4181 xl,
618 4119 660 4173 29.
680 4117 797 4183 quinon
817 4115 958 4185 distinguit
978 4115 1133 4184 sanguinem
1152 4115 1256 4170 Domini
1267 4131 1283 4188 ;¹
1298 4109 1392 4166 ridetur

227 4199 311 4266 igitur
329 4197 362 4252 de
380 4213 594 4268 coenaesacrae
612 4214 662 4251 usu
680 4198 791 4268 indigno
810 4203 955 4271 cogitasse.

330 4297 362 4364 2)
387 4295 426 4350 lJe
449 4296 573 4352 laudibus
593 4293 700 4348 Mariae
723 4298 795 4366 apud
814 4296 992 4352 Nestoriunos
1017 4297 1166 4354 decantatis
1189 4297 1330 4353 uiuamus
1347 4287 1390 4340 ali-

228 4386 293 4451 quot
317 4396 334 4434 o
357 4379 461 4436 Tuchio
488 4381 609 4451 prolatos
634 4380 788 4448 (comment.
814 4381 846 4435 ua
873 4382 947 4452 Lips.
973 4381 1040 4440 (iod.
1065 4399 1127 4455 pag.
1152 4385 1206 4453 8.).
1229 4409 1262 4422 -
1297 4377 1391 4431 Potruu
