2956 5004
200 273 265 346 338

310 447 362 512 Ad
397 467 475 532 pag.
512 447 585 516 176.
642 452 692 514 bix
718 451 972 515 Bar-Hebraeo·
995 448 1167 529 docuimus,
1208 453 1385 529 punctorum

206 555 332 616 omnium
359 554 480 618 radices
505 574 576 618 esse
599 559 744 633 accontus
764 557 962 619 dIstinctivos
979 555 1108 616 maiores
1128 551 1297 614 habendos.
1348 553 1385 614 Ni

204 657 296 718 taltor
316 657 394 719 idem
416 657 503 721 vaiet
523 659 561 719 dc
583 660 777 739 punctatione
792 641 1010 722 Hebraeorum.
1052 656 1127 717 Nam
1151 665 1285 742 caprona
1300 658 1385 720 arnna

205 754 286 839 (vid.
310 779 341 840 p.
369 756 459 842 174.)
481 760 656 838 siguificare
678 765 752 842 puto
768 781 910 824 versuum
925 761 1086 838 segmenta
1101 759 1224 821 maiora.
1268 759 1382 822 biteniur

206 863 239 922 ut
270 863 373 926 ardua
403 863 511 926 dicitur
542 864 571 924 iu
601 862 714 926 Genesi
739 866 777 926 de
801 867 943 947 quattuor
966 863 1113 922 tiumiuum
1133 862 1226 923 initiis
1248 856 1383 954 (dcxcv),

206 967 240 1024 ut
260 963 337 1024 idem
358 965 397 1026 de
418 967 574 1028 exercitos
594 968 765 1045 agminibus
786 971 819 1032 ot
842 967 922 1048 apud
943 966 1073 1029 ludaeos
1097 965 1225 1032 delibui
1248 963 1386 1044 partibus

205 1064 379 1148 adhibetur,
406 1069 449 1130 ita
467 1064 515 1130 'aab
537 1072 619 1136 *nun
644 1087 716 1132 essc
738 1073 813 1150 puto
837 1069 939 1148 initia,
974 1085 1051 1150 quae
1075 1085 1132 1148 per
1154 1069 1297 1147 accentus
1320 1086 1386 1130 ma-

206 1169 287 1230 iores
306 1169 380 1233 fiunt
401 1171 507 1233 mediis
528 1175 558 1234 iu
579 1174 741 1254 versibus,
766 1191 907 1234 versuum
922 1173 1101 1250 segmenta,
1123 1170 1275 1251 capitula,
1301 1171 1386 1252 prin-

170 1307 175 1320 ι
207 1269 303 1352 oipia,
344 1291 439 1352 quare
472 1281 618 1341 accentus
650 1278 779 1340 maiores
809 1275 948 1336 dicuntur
975 1291 1071 1352 reges
1101 1277 1133 1336 et
1159 1273 1254 1334 duces
1285 1291 1388 1334 earum

206 1374 393 1455 sectionum,
418 1378 447 1438 in
473 1397 547 1461 quas
572 1399 683 1444 versus
706 1379 858 1440 distributi
882 1381 963 1438 suut.
1008 1359 1139 1454 Legitur
1152 1380 1250 1438 auteur
1266 1379 1295 1436 iu
1310 1375 1388 1436 Tai-

207 1476 294 1536 mude
325 1477 380 1539 Tr.
417 1481 578 1563 Sopberim
613 1503 640 1546 c.
679 1481 710 1546 3.
746 1483 853 1564 „iiber
882 1480 999 1559 begis,
1039 1481 1068 1540 in
1099 1498 1157 1561 quo
1186 1480 1312 1541 incisum
1341 1483 1389 1542 eat

207 1575 340 1666 [apaan]
371 1585 404 1646 et
432 1584 460 1644 in
484 1603 543 1666 quo
573 1585 707 1648 membra
730 1587 889 1648 incisurum
912 1585 1054 1663 punctata
1073 1585 1148 1644 'suut
1171 1579 1272 1664 (rotun
1292 1584 1388 1669 apruni

206 1681 334 1768 aaaron)
355 1701 393 1744 ue
414 1683 506 1761 legas
527 1688 557 1748 iu
576 1688 656 1748 eo.“
701 1689 787 1774 Unde
814 1687 959 1769 probatur
981 1686 1133 1747 sententia
1157 1687 1277 1748 nostra:
1307 1703 1388 1766 pun-

209 1785 350 1846 ctationis
374 1786 458 1848 initia
477 1788 560 1851 iacta
582 1807 653 1852 esse
677 1791 758 1872 apud
780 1791 942 1852 Hebraeos
965 1789 1069 1850 eadem
1092 1807 1169 1870 quae
1183 1789 1262 1869 apud
1275 1788 1389 1868 Syros,

208 1887 241 1946 ut
270 1903 414 1948 versuum
442 1889 666 1956 subdivisiones
694 1893 973 1974 praeponderantcs
997 1892 1066 1953 sive
1091 1891 1223 1971 capitata
1246 1895 1390 1972 punctata

208 1989 269 2050 sint
299 2007 356 2070 per
386 1995 529 2056 accentus
557 1997 696 2057 maiores.
728 2029 767 2039 —-
813 1994 992 2072 iudaeorum
1022 1993 1144 2056 scholas
1168 1993 1248 2075 quod
1270 1996 1388 2073 attinet,

208 2110 339 2154 memoro
376 2113 394 2156 a
423 2094 662 2160 Bar-Hebraeo
696 2099 734 2158 ad
766 2117 798 2158 a„
821 2099 941 2160 circiter
970 2094 1095 2160 DCCC·
1129 2095 1282 2158 dissidium
1315 2097 1390 2160 tradi

208 2197 286 2258 inter
308 2195 439 2258 Iudaeos
461 2199 648 2279 Babylonios
671 2204 703 2262 et
724 2181 973 2262 Tiberiadeuseu.
996 2231 1035 2242 —-
1134 2193 1136 2198 ’

311 2343 362 2406 Ad
392 2365 468 2427 pag.
504 2345 574 2413 189.
629 2349 877 2427 Evangeliarium
907 2347 1102 2409 Barbaricum
1127 2331 1243 2430 (Adter
1264 2367 1298 2427 p.
1322 2344 1391 2428 66.)
1450 2401 1451 2404 ,

210 2445 335 2509 exbibet
364 2449 489 2512 iudicem
513 2453 637 2514 omnium
659 2453 867 2532 pericoparum
886 2469 927 2512 ex
949 2469 1033 2512 vers.
1058 2447 1248 2514 Charilausi.
1302 2449 1391 2532 apua
1450 2447 1451 2453 ’

210 2549 335 2611 eundern
364 2551 437 2614 vide
462 2575 493 2634 p.
517 2553 568 2617 74.
593 2554 721 2616 blissaie
743 2555 903 2633 Syriacum
927 2553 1014 2615 iuxta
1035 2554 1122 2615 ritum
1144 2553 1346 2616 lacobitarum
1368 2571 1392 2613 s.

208 2651 356 2714 lectiones
376 2657 564 2733 apostolicas
589 2660 621 2720 et
640 2658 841 2736 evangelicas
865 2675 905 2716 ex
927 2674 1011 2716 vers.
1035 2655 1243 2738 itcracloeusi.

308 2800 359 2861 Ad
388 2823 465 2884 pag.
499 2801 570 2870 189.
589 2810 653 2869 not.
678 2805 707 2866 2.
752 2806 862 2868 Storrii
882 2805 987 2866 tibrum
1012 2805 1060 2866 diu
1086 2805 1199 2866 trustra
1223 2806 1391 2887 quaesitum

210 2900 256 2962 bis
279 2904 452 2966 novissimis
476 2905 582 2968 diebus
603 2912 710 2972 nactus
736 2927 812 2969 sum.
857 2907 1067 2971 Memorabilia
1089 2907 1237 2990 quaedam
1259 2909 1393 2970 continet

210 3003 248 3065 de
274 3024 358 3067 vers.
389 3008 627 3090 Piritcxeniana,
668 3009 705 3071 dc
739 3029 825 3072 vers.
855 3009 963 3091 sinapi·
987 3010 1143 3073 admodum
1164 3028 1273 3090 pauca.
1325 3010 1391 3070 iix-

210 3110 317 3188 cerpta
339 3128 379 3171 ex
399 3111 568 3193 Ephraemc
589 3107 754 3189 diiigenter
774 3116 844 3175 sunt
869 3111 1008 3176 ccltecta.
1052 3111 1229 3174 Atieruutur
1243 3113 1391 3174 lectiones

213 3210 365 3291 variantes
381 3211 458 3275 Cod.
483 3215 634 3277 cuiusdam
651 3215 779 3276 Parisiui
799 3216 837 3276 ad
855 3214 961 3278 titattb.
979 3214 1171 3295 capp..X1V.
1218 3214 1328 3278 Codex
1343 3213 1392 3275 iiie

211 3311 344 3376 Arabica
375 3315 518 3376 versione
547 3319 711 3382 instructus
733 3319 930 3382 lacobitarunr
961 3318 1014 3380 voi
1038 3316 1254 3380 Maronitarum
1283 3317 1341 3379 fuit
1363 3318 1392 3375 et

212 3417 243 3478 ut
283 3415 333 3478 atii
362 3411 562 3480 lacebitarum
594 3417 690 3482 Codd.
722 3421 759 3483 ad
792 3423 908 3483 textum
940 3419 1089 3482 Graecum
1120 3421 1149 3482 iu
1175 3419 1265 3481 rebus
1292 3417 1393 3478 moitis

210 3520 336 3598 propius
359 3520 486 3583 accedit.
535 3519 639 3582 Utrum
663 3526 762 3584 autem
782 3523 819 3584 ad
843 3525 961 3586 textum
986 3522 1040 3585 Gr.
1066 3525 1161 3604 ipsum
1185 3541 1221 3583 au
1243 3519 1283 3582 ad
1308 3537 1390 3581 vers.

207 3619 333 3712 Philon.
356 3623 531 3701 castigatus
556 3625 612 3704 sit,
644 3623 772 3688 dubium.
817 3620 897 3688 idem
920 3627 958 3688 dc
984 3625 1062 3690 Cod.
1086 3622 1263 3688 Coloniensi
1287 3621 1392 3684 diceu-

104 3795 107 3800 ,
208 3723 297 3807 dum,
323 3724 361 3786 dc
384 3743 443 3807 quo
466 3727 602 3788 iudicium
624 3746 654 3808 p.
674 3725 747 3792 220.
770 3728 861 3792 tatum
884 3730 1056 3812 suspend03
1078 3733 1145 3792 naui
1168 3727 1206 3789 ad
1229 3723 1393 3804 Vulgatam
1447 3745 1448 3814 }

168 3843 173 3846 ·
212 3823 293 3883 illum
327 3826 542 3910 conformatum
571 3847 661 3909 esse,
701 3849 741 3891 cx
766 3831 882 3894 duobus
905 3833 1043 3896 tribusve
1067 3831 1143 3893 tucis
1165 3830 1221 3891 vix
1241 3826 1394 3908 probatur.

214 3924 385 4006 Optandum
414 3933 478 4007 eat,
512 3933 544 3992 ut
576 3933 643 3994 cod.
675 3931 868 3998 Coloniensis
901 3939 994 4018 turano
1026 3928 1202 4014 Leideusis]
1223 3929 1340 3991 indoles
1364 3932 1395 3988 et

181 4090 184 4098 ,
214 4030 304 4106 origo
334 4031 506 4091 accuratius
534 4034 750 4114 investigetur.
779 4075 821 4082 -
876 4037 1044 4098 bicmoratu
1075 4033 1214 4112 dignum,
1256 4031 1338 4114 qucd
1367 4030 1395 4089 iu

216 4129 293 4192 (iod.
324 4131 376 4193 iiio
399 4131 534 4216 Parisino
558 4134 654 4215 (apud
675 4139 942 4204 Montcialccuium
965 4139 994 4199 iu
1015 4135 1093 4199 bibl.
1116 4136 1195 4198 Bibt.
1214 4125 1395 4216 penultimo]

116 4251 119 4258 ’
215 4231 244 4291 in
278 4233 381 4294 verbis
414 4233 556 4298 Arabicis
587 4235 709 4300 litterae
740 4241 847 4324 nirph,
883 4238 914 4302 te
953 4246 984 4304 ct
1013 4239 1090 4304 Vuw
1124 4239 1272 4302 vocalium
1299 4237 1395 4298 locum

216 4333 359 4396 obtiueut.
