3006 5004
207 283 272 350 aaa

213 463 246 522 et
269 455 363 536 Syris
389 452 503 536 optino
531 446 745 514 eorrexcral.“
787 445 873 516 llaec
903 442 1077 510 lllcleulb·
1123 443 1184 506 Vix
1206 442 1396 520 nunenulun,

213 577 334 623 eausam
364 555 456 621 lertlo
483 553 552 618 loeo
575 551 707 632 psalten
732 547 803 610 nllull
825 550 928 612 iacere
950 548 989 610 all
1012 565 1095 610 vers.
1119 547 1196 628 Syr.
1213 548 1395 610 cementum

215 679 281 726 curn
302 662 436 724 vetere·
454 655 535 718 ltala
561 652 795 734 explicandam·
823 653 942 714 omnino
972 668 1032 715 neu
1062 649 1184 714 nultum
1214 647 1262 718 lule
1290 646 1396 712 Garuli

215 764 324 842 lllagnl
361 758 556 825 correctorlie
586 755 774 820 olhoendom
804 757 863 816 est.
886 733 893 814 Ῐ
914 751 1001 840 Quod
1023 751 1167 816 «seeundo
1194 751 1263 815 loco
1292 751 1396 814 attulit

215 865 402 944 llllolraells,·
424 871 520 940 'snpra
550 856 716 922 refellimus
733 852 773 940 ¹).
825 851 1024 935 Resonant
1052 853 1081 914 ln
1108 847 1188 920 ltala
1209 855 1277 935 ipsa
1302 871 1396 916 cansa

211 967 416 1032 amlrtuantr
444 960 618 1044 quaerenda
646 962 699 1026 sit.
735 959 812 1023 “Sed
844 959 911 1024 allis
930 957 969 1020 tl
999 956 1220 1037 explorandum
1247 957 1394 1038 relluqnl-

216 1087 293 1132 nrus.
339 1069 375 1130 ln
412 1083 485 1130 sanc
518 1051 660 1140 nostran·
689 1063 727 1128 ad
762 1079 827 1128 reor
863 1060 965 1142 aliquo
994 1059 1083 1122 nodo
1110 1061 1278 1141 pertingit,
1314 1059 1396 1141 quod

217 1173 322 1236 verso
345 1167 501 1252 prlnricre
523 1167 631 1230 latina
652 1165 869 1230 colore-tincta
891 1145 1038 1244 apparet,
1063 1179 1153 1244 quen
1175 1165 1261 1224 recte
1282 1160 1398 1252 (inleu-

216 1275 308 1338 talen'u
338 1273 474 1334 aternu.
515 1269 573 1334 nst
594 1269 711 1332 onuba
729 1267 851 1358 'licendi
872 1266 1163 1344 genus.pra'ecipue
1184 1265 1214 1326 in
1238 1264 1396 1342 Euange-

217 1377 266 1438 llls
290 1375 488 1458 Araneola,
520 1367 619 1454 neque
641 1371 706 1432 lieri
722 1371 847 1452 petult,
869 1367 1032 1448 quiaillud
1054 1367 1175 1450 uhiqnc·
1188 1369 1275 1449 qursi
1297 1368 1397 1432 inter-

217 1479 335 1546 lncerct
366 1479 425 1538 tun
455 1475 604 1552 nuexlnc,
636 1474 686 1536 ubl
709 1491 747 1536 ea
771 1471 1083 1553 sinplicitntevoees
1106 1469 1297 1552 plrascsqne
1319 1470 1398 1532 rel-

216 1582 383 1658 tlebantur,
417 1595 476 1659 qua
503 1577 533 1638 ln
557 1574 635 1638 ltrlu
663 1576 857 1638 factumest.
903 1572 1015 1654 Neque
1035 1591 1117 1636 vero
1135 1573 1166 1634 il
1190 1591 1317 1654 prorsus
1340 1589 1396 1634 re-

218 1683 356 1761 iecerinr,
393 1681 489 1742 subse
527 1676 700 1741 Orlentales
737 1693 854 1756 genere
889 1677 1042 1740 versionis
1078 1676 1218 1762 Latinae
1244 1678 1398 1738 auwlores.

220 1784 351 1849 Constat
378 1801 421 1845 ex
447 1779 592 1860 Oriente,
630 1799 672 1842 ex
694 1780 789 1860 Syria
816 1780 945 1842 mxime
963 1779 1109 1860 plorlmps
1131 1779 1261 1856 vennae.
1278 1778 1306 1838 ln
1327 1775 1396 1838 lta·
1431 1853 1434 1860 1

219 1887 288 1948 liant
323 1887 356 1947 ct
385 1882 556 1964 arrian„
573 1881 704 1946 ludaeos
739 1882 849 1962 utrique
876 1884 906 1944 in
936 1882 1092 1946 doctorum
1119 1883 1151 1944 et
1183 1881 1397 1960 magistrorum

194 1989 316 2052 'locun
346 2004 383 2048 se
412 1987 583 2048 insinuasse
612 1988 645 2048 et
672 1988 746 2064 post
772 1985 872 2048 leuto
894 1984 1108 2065 Hierosolyma
1129 1982 1304 2065 tellureque
1328 1982 1399 2046 lla-

197 2091 315 2180 ¹rlrianl
342 2089 474 2152 ludaeos
502 2087 555 2150 rel
578 2085 793 2168 captivasset
815 2084 948 2164 loganae
968 2089 1024 2150 vix
1044 2104 1167 2150 numero
1185 2081 1398 2166 conlprehendi

219 2210 331 2274 posse,
371 2191 421 2272 qul
451 2191 480 2251 ln
508 2189 703 2252 Occidentem
733 2191 903 2252 transuecti
933 2191 995 2254 siut
1007 2184 1048 2271 ²).
1078 2193 1135 2254 τ’
1164 2189 1292 2252 Praetor
1319 2185 1398 2248 haue

218 2287 374 2374 Simplicis
393 2293 629 2374 proprietatem,
657 2309 715 2372 qua
736 2276 863 2372 propios
886 2292 925 2355 acl
947 2293 1118 2356 versionem
1140 2291 1246 2378 ltelann
1267 2285 1398 2370 aceedit,

220 2397 325 2460 eadem
353 2393 454 2456 multis
484 2394 512 2456 ln
543 2393 621 2458 locls
640 2411 810 2472 congruere
833 2394 941 2456 ‹licltnr
963 2413 1028 2457 cunr
1050 2395 1156 2457 codice
1177 2393 1399 2471 Alexandrino,

220 2517 307 2610 qnepn
330 2502 363 2562 et
382 2499 479 2577 ipsun
503 2495 660 2559 latlnlnare
682 2497 794 2560 iudicat
817 2496 1007 2562 Welstculus
1022 2493 1062 2580 ³).

227 2668 428 2680 ——ae—

240 2819 243 2826 .
326 2779 356 2848 1)
369 2751 683 2832 RetraclavitMiohaelis
699 2781 756 2848 ipse
770 2783 865 2846 postea
879 2778 948 2834 liano
962 2781 1123 2849 opinionem,
1138 2783 1184 2833 aut
1190 2779 1314 2836 Latinam
1329 2796 1398 2834 vers.

222 2863 256 2918 all
280 2861 430 2934 Simplicenn
458 2861 678 2938 autsimplicern
703 2863 737 2916 ad
753 2862 875 2916 Latinam
902 2870 1049 2918 correctam
1073 2880 1141 2917 csse.
1158 2916 1161 2920 ,
1177 2865 1279 2920 Tamen
1305 2865 1398 2919 eorlenr

222 2951 279 3005 lere
304 2955 424 3018 tempore
449 2947 563 3001 Adlerns
590 2945 760 3000 aMiclnaele
785 2949 932 3004 certissime
958 2952 1070 3003 evictum
1094 2965 1157 3004 osse
1179 2953 1301 3020 scripsit,
1328 2965 1396 3004 vers.

111 3055 114 3065 =
221 3035 359 3104 Syriacam
379 3033 567 3102 interpolatam
588 3048 648 3087 esse
666 3049 698 3087 cx
716 3032 821 3086 Latina.

325 3116 481 3200 2)‘ldioma
506 3132 656 3200 linguarium
686 3132 855 3186 orientalium
876 3131 1008 3184 larniliare
1028 3131 1110 3184 luisse
1130 3127 1285 3184 auctoribus
1304 3131 1396 3194 Italae,

221 3219 314 3270 statuit
338 3219 417 3270 oliano
440 3213 581 3270 killolon-
610 3213 649 3268 Ex
673 3215 741 3270 Itala
766 3215 958 3285 in'Vulgatanr
984 3217 1066 3269 rnnlla
1088 3203 1315 3285 transmigrarunt
1339 3232 1395 3270 onor

221 3301 289 3369 Syro
317 3298 516 3355 concordantia.
551 3289 692 3354 Notantur
717 3301 856 3356 aliidlelo
883 3302 988 3371 aliquot
1012 3302 1140 3369 exempla.
1176 3301 1233 3354 Aul.
1257 3300 1332 3364 vill,
1354 3307 1394 3356 1³.

221 3384 327 3438 eliditur
350 3387 376 3437 in
399 3382 490 3454 Simpl.
515 3391 541 3440 el
559 3385 637 3454 Vulg.
658 3393 710 3450 „cl
731 3390 841 3440 miratus
862 3390 938 3441 est“.
973 3384 1030 3440 Aet.
1050 3383 1188 3458 xillae.
1211 3388 1333 3436 omissum
1353 3387 1394 3436 est

220 3467 422 3539 ἄντιλὲγοντεςῐ
446 3485 468 3524 ⁰.
486 3469 565 3535 ΧΙΙΙ,
589 3473 632 3526 49.
651 3471 683 3524 τὸ
700 3472 803 3538 parerer)
821 3469 961 3541 cappatus
983 3485 1098 3541 sequens
1115 3469 1261 3523 sabbatum.
1297 3467 1395 3521 Marti.

220 3551 323 3620 xxm,
349 3560 389 3612 19.
414 3552 599 3609 Nominatlrns
624 3555 763 3610 absolutus
789 3559 815 3610 in
841 3555 938 3609 latino
963 3557 1075 3624 positus.
1117 3552 1213 3608 Matala.
1236 3553 1278 3620 ll,
1302 3561 1328 3610 7.
1355 3559 1396 3610 10.

218 3653 297 3724 Vulg.
317 3653 426 3720 dilicit,
453 3656 628 3726 quodminus
648 3654 692 3711 Gr.
711 3655 843 3729 η’κρίβωσε
861 3671 939 3728 quarn
959 3655 1018 3726 Syr.
1035 3631 1137 3718 ΕΔ,
1159 3659 1289 3727 exprimit.
1326 3653 1397 3730 Cave

218 3761 323 3822 tamen,
355 3773 388 3811 ne
412 3760 518 3811 nlrniurn
544 3759 649 3812 tribuas
674 3759 804 3813 eiusmodi
829 3759 914 3824 locis,
940 3761 985 3828 qni
1006 3762 1120 3828 speciem
1141 3761 1312 3828 cognationis
1331 3770 1397 3827 prae

218 3853 248 3892 se
267 3839 363 3894 lerunt.
397 3840 459 3894 Alia
476 3843 556 3897 inira.
867 3847 874 3858 '

204 3943 208 3951 “
320 3939 351 4008 3)
377 3938 494 4009 Simplex
522 3941 665 4012 aliquoties
691 3945 771 3996 etiam
796 3956 853 3994 cunr
878 3941 969 3995 codice
995 3939 1214 4012 Cantabrigiensi
1240 3943 1397 4010 conspirare

216 4019 329 4089 dicitur,
357 4023 565 4093 aequalina,
597 4029 671 4080 culus
691 4026 742 4080 luit
762 4027 840 4080 olim:
861 4023 974 4091 „Multa
992 4025 1056 4080 milui
1075 4026 1171 4080 videor
1189 4024 1398 4098 deprehendisse

215 4120 313 4177 magna
339 4109 529 4164 observatione
548 4109 644 4178 digna,
661 4111 801 4180 quaedem
821 4111 900 4163 etlam
921 4111 960 4164 sio
978 4125 995 4164 a
1015 4119 1124 4183 recepta
1142 4114 1278 4180 scriptura
1295 4110 1398 4164 discre-

215 4194 324 4257 pantia,
354 4199 382 4246 ut
409 4200 499 4248 tamen
527 4208 585 4246 cunr
609 4197 736 4248 veterum'
755 4193 924 4264 quorundam
948 4189 976 4252 et
1001 4193 1165 4254 Graecorum
1191 4201 1218 4248 et
1237 4193 1397 4248 Latinorum

214 4271 321 4329 Patron
346 4281 455 4348 scriptis
479 4279 663 4342 consentiant,
695 4293 750 4332 non
775 4289 862 4346 pauca
888 4275 1019 4349 dentque,
1045 4279 1142 4352 quibus·
1170 4286 1278 4335 uetusta
1297 4277 1399 4332 Latina

212 4357 295 4413 editlo
320 4363 528 4417 corroboratur:
558 4375 627 4433 quae
653 4364 743 4416 enula
760 4375 809 4431 pro
830 4363 933 4432 ingenii
950 4367 1004 4420 arel
1020 4365 1129 4422 nodulo
1148 4369 1220 4421 inter
1236 4377 1267 4419 ue
1284 4377 1396 4432 eonpa-
