3014 5008
203 273 247 338 ἃ)

207 447 302 509 distat
331 444 369 506 ab
390 437 569 532 Antiochia,
602 441 653 520 qni
681 439 764 516 tanta
785 436 1117 519 auctoritaie-polluit,
1146 440 1180 500 ut
1200 437 1395 500 accesserint

208 549 248 610 ad
275 565 340 610 eum
368 553 574 625 nonnunquam
607 542 790 623 Flavianus,
821 540 1000 603 Andochiae
1029 543 1209 622 episcopus,
1243 537 1394 620 Aeacius,

207 651 358 714 Eusebius
392 641 618 736 Chalcidensis,
657 645 792 706 Isidorus
816 643 892 724 Cyri
914 647 954 705 et
977 639 1157 708 'l'heodbtus
1177 643 1393 723 Hierapolita-

207 771 310 816 nerum
337 751 521 831 episcopus3
555 749 621 808 elus
649 749 755 808 iterum
786 746 955 827 discipulus
980 748 1039 808 luit
1060 747 1210 826 Basilius,
1234 747 1285 828 qui
1307 746 1391 828 apud

207 851 459 930 Seleucobelnm,
491 848 604 928 Syriae
631 848 753 932 urbem,
783 851 978 912 monasticum
1000 841 1201 912 habita'culum
1224 851 1391 912 exstruxit.

209 943 343 1038 Maxime
376 972 417 1014 ex
456 953 496 1018 iis
524 954 652 1032 apparet
678 950 818 1028 Graecae
831 946 877 1028 ‘et
907 952 1058 1032 Syriacae
1086 951 1212 1030 linguae
1241 953 1271 1012 in
1298 953 1392 1033 Syria

209 1059 359 1136 affinitas,
391 1073 469 1136 quae
484 1053 537 1115 -de
567 1053 674 1116 Publio
700 1052 875 1118 Theoretus
897 1056 1018 1117 tradit·
1042 1054 1099 1116 llle
1123 1055 1242 1136 quidem
1263 1057 1292 1116 in
1317 1056 1394 1118 urbe

209 1161 346 1237 Zeugma
375 1157 545 1235 liabitavit,
575 1174 633 1236 quo
656 1157 774 1236 quidem
800 1157 868 1220 loco
889 1159 1067 1236 transgredi
1088 1157 1229 1220 solebant
1250 1158 1393 1240 lluphra-
1443 1215 1452 1227 ,

209 1267 268 1324 tem
298 1261 348 1341 qni
371 1248 409 1321 in'
425 1257 578 1321 Orientem
602 1256 797 1321 veherentur.
847 1259 1102 1340 Frequentiasimu
1128 1263 1196 1322 erat
1211 1259 1303 1324 ‘haec
1328 1267 1392 1342 via,

209 1383 296 1446 quum
319 1362 406 1426 alter
422 1362 478 1422 vix
501 1363 587 1422 esset
609 1361 772 1441 expeditus
795 1361 1036 1441 Mesopotamiae
1059 1364 1091 1424 et
1112 1363 1301 1443 Babyloniae
1322 1367 1392 1427 adi-

208 1471 275 1545 tus,
308 1481 400 1546 qnare
417 1499 422 1512 ·
438 1463 586 1544 plurimos
613 1462 833 1547 Graecoelrio
869 1465 1046 1526 consedisse
1083 1467 1248 1528 verisimile
1273 1471 1333 1530 ‘est
1352 1465 1393 1551 ¹).

209 1569 276 1632 Hac
301 1568 396 1644 igitur
416 1567 444 1626 in
470 1565 544 1652 urbe
559 1569 726 1647 ‚postquam
749 1567 874 1628 Publius
898 1567 1023 1627 fratrum
1046 1571 1207 1630 communis
1231 1571 1314 1640 vilae
1335 1589 1391 1630 ra-

209 1673 318 1734 tionem
346 1672 378 1730 et
394 1668 596 1748 *disciplinam
624 1669 770 1747 instituit,
810 1669 860 1749 qui
891 1668 1010 1732 Graeca
1040 1689 1119 1734 voce
1142 1673 1237 1734 Deum
1262 1671 1392 1741 Psabuis

209 1772 391 1850 laudabant,
420 1769 508 1856 huius
531 1771 741 1833 vitae-amore
764 1789 824 1832 eos
841 1789 962 1852 quoqne
984 1775 1092 1853 captos
1115 1791 1186 1834 esse
1207 1772 1392 1836 Theodore-

209 1880 259 1938 tus
279 1877 400 1954 narrat,
430 1874 481 1954 qui
510 1873 616 1951 lingua
637 1871 717 1932 illius
738 1873 875 1950 regionis
897 1875 1065 1936 uterentur.
1108 1873 1182 1937 ldae
1200 1877 1391 1938 concurrisse

208 1978 318 2044 archos
338 1981 370 2040 et
392 1975 603 2056 supplicasse,
628 1977 666 2036 ,ut
689 1977 721 2036 et
742 1975 804 2054 ipsi
821 1975 850 2036 in
868 1974 988 2066 illorum
1012 1969 1289 2054 gregem·adnissi
1304 1980 1396 2040 eius*

209 2080 275 2140 dem
304 2059 457 2146 doctrinae
485 2078 651 2158 participes
682 2075 806 2149 ersent'3
838 2094 964 2159 quorum
992 2080 1073 2141 votis
1095 2079 1302 2140 conniventem
1324 2077 1391 2141 Pn-

207 2181 323 2259 blium,
341 2182 372 2240 in
391 2179 568 2260 templo.ibi
590 2181 765 2241 constructo
786 2180 914 2242 iussisse
939 2185 971 2244 et
990 2180 1047 2242 hos
1070 2183 1103 2242 et
1123 2179 1193 2269 illos
1214 2183 1389 2265 convenire,

197 2291 241 2350 ,nt
271 2279 867 2362 vespertinoslmatutinosque,hynrnos
895 2278 968 2348 itero
997 2299 1053 2344 uua
1075 2282 1234 2363 otl'errent,
1261 2285 1392 2350 induas

208 2385 325 2467 quidem
347 2386 449 2464 partes
472 2384 563 2444 dirisi
585 2388 618 2446 et
640 2384 754 2462 singuli
779 2403 834 2448 sna
856 2373 934 2447 v'oee
954 2388 1093 2466 utentes,
1127 2405 1170 2448 ex
1193 2387 1392 2456 successione

209 2489 308 2549 autem
340 2487 485 2562 canticum
514 2487 698 2550 emittentes.
742 2487 950 2550 Permansisse
973 2489 1062 2550 etium
1084 2489 1149 2550 eius
1171 2477 1301 2550 instituti
1324 2489 1393 2552 ior·
1478 2503 1480 2506 ·

208 2609 283 2650 mam
313 2589 350 2652 ad
383 2587 570 2652 Theodoreti
600 2591 863 2670 usquetempora
871 2609 881 2662 3
909 2578 990 2669 'past
1012 2589 1112 2650 Publii
1135 2595 1259 2654 mortem
1282 2591 1392 2652 'Pheo-

209 2690 495 2755 tmum-Graecae-
518 2691 661 2768 linguae,
688 2675 852 2770 Aptoniun
875 2689 1025 2770 Syriacae
1050 2691 1271 2772 praefecturam
1297 2701 1393 2756 acc'e-

109 2869 113 2878 ,
206 2797 301 2876 pisse.
345 2793 418 2876 lpse
449 2793 648 2864 lilacedonius
666 2792 744 2871 ille,
780 2790 1038 2859 cui'Theodoreti
1066 2797 1162 2856 mater
1184 2795 1317 2858 accessit
1338 2797 1391 2858 iilii

206 2905 323 2978 partum
342 2881 504 2974 exorans,
535 2895 617 2974 Syra
638 2912 717 2956 vace
739 2894 898 2979 utebatur3
931 2895 1088 2958 dicebatur
1109 2898 1196 2958 etiam
1218 2916 1237 2958 a
1259 2898 1390 2958 nonnul-

206 3001 244 3062 lis
266 2999 395 3079 Syrisce
422 2998 522 3062 Gubta
546 2996 645 3078 (qued
667 2993 1016 3078 laimoa'interpretatur
1038 2995 1289 3082 Theodoretus),
1320 3001 1392 3082 quia

207 3102 236 3162 in
263 3102 349 3162 iossa
377 3099 528 3179 profunda
549 3100 642 3176 vixit,
683 3099 856 3180 Aliquando
878 3119 965 3181 quum
987 3100 1097 3162 civitas
1119 3101 1267 3182 quaedam
1290 3100 1392 3181 impe-

206 3204 316 3267 raturis
339 3203 458 3264 statuas
486 3201 666 3262 contumelia
690 3203 820 3264 allectas
842 3202 1028 3280 perdidisset
1047 3201 1205 3285 legatique
1230 3205 1391 3267 mitteren-

206 3308 254 3364 tur
277 3303 329 3385 qui
353 3302 418 3364 eins
440 3303 486 3364 rei
505 3301 668 3364 vindictam
690 3306 849 3383 peterent,
866 3303 1074 3366 dilacedonies
1099 3303 1230 3384 Syriaco
1251 3321 1391 3368 sermone

207 3423 280 3466 urus
305 3405 452 3482 rogavit,
468 3406 513 3480 ‚ut
533 3401 751 3486 Imperatorem¹
773 3423 843 3473 esse
865 3405 963 3486 ipsum
987 3405 1132 3469 hominem
1152 3393 1323 3494 monerent,
1351 3426 1391 3470 ne

203 3507 354 3586 pro-suis
385 3507 566 3584 imagbribus
595 3508 744 3586 imagines
767 3507 827 3592 Dei
857 3508 1022 3588 occideret.
1067 3507 1203 3574 Aliorum
1224 3510 1390 3574 monacho-

204 3626 268 3669 rum
292 3607 446 3690 historiam
469 3604 683 3696 Theodoretus
709 3608 849 3690 tradidit,
877 3611 928 3693 qni
953 3615 985 3674 et
1009 3613 1105 3689 gente
1128 3615 1161 3674 et
1183 3612 1290 3690 lingua
1312 3610 1390 3690 Syri

169 3792 172 3796 .
203 3711 300 3774 fuisse
331 3711 492 3792 videntur,
527 3711 720 3791 Marsymae,
755 3711 893 3776 hieronis
923 3716 955 3776 et
982 3711 1161 3804 Abraamir,
1188 3715 1255 3802 equi,
1274 3715 1304 3774 ln
1333 3732 1391 3776 re-

205 3814 298 3888 gione
321 3812 396 3892 Cyri
425 3813 595 3892 degebant,
627 3813 778 3876 Salamani
796 3811 845 3899 ²),
875 3817 926 3898 qui
950 3819 1035 3898 ortus
1058 3819 1126 3880 erat
1146 3835 1188 3884 ex
1204 3811 1389 3896 Capersana

203 3913 242 3974 ad
270 3914 455 3978 occidentem
478 3915 659 3998 Euphratis,
692 3921 725 3980 et
756 3917 891 3992 aboruin.
937 3916 1066 3984 Constat
1087 3920 1221 4000 omnino,
1249 3936 1392 3986 conver<

207 4067 406 4104 -ss-ss-
677 4043 699 4078 .·
1259 4051 1262 4058 ·
1313 4042 1392 4088 sos

307 4167 336 4236 1)
354 4127 394 4224 (li.
413 4131 549 4226 liitter'de
567 4171 633 4225 urbe
652 4170 785 4240 Zeugma,
799 4167 893 4226 ·Erdk.
912 4169 972 4225 Thi.
991 4171 1025 4227 Χ.

199 4353 210 4400 t
278 4281 283 4296 ·
305 4269 337 4333 2)
356 4259 514 4328 Salomacus
535 4273 569 4327 ci.
587 4285 684 4326 nonen
709 4255 790 4346 inhiv'
808 4270 843 4326 ab
862 4269 1020 4341 ilosea'pro
1042 4234 1246 4334 salmanassare
1265 4279 1294 4328 ut
1312 4271 1390 4330 vide-

211 4364 243 4403 ιιι
262 4352 384 4417 pesitum.
743 4351 746 4358 ’
864 4387 866 4390 v
