3006 5004
222 310 287 376 nitu

224 481 377 547 versionis
399 479 623 543 Heracleensis
655 487 816 563 auctores,
856 482 906 563 qul
938 479 1048 545 Graeci
1078 481 1276 562 exenquaris
1290 481 1418 559 imagi-

212 603 291 676 nem
319 584 582 647 accuratissimam·
605 585 731 663 liuguae
756 586 907 666 Syriacae
932 587 966 646 ut
988 585 1036 647 ita
1060 585 1155 652 dicam
1178 585 1352 664 imprimere
1380 587 1417 645 et

224 692 291 752 iere
319 689 439 768 inquere
470 686 644 750 voluerunt.
700 689 800 774 Quare
829 690 859 750 in
890 689 1063 752 universum
1095 691 1180 752 recle
1197 688 1331 766 dicunt,
1371 685 1414 746 ad

224 791 415 856 collationem
446 771 579 854 criticam
601 787 728 852 ‘lucilius
750 791 885 857 adbiberi
911 791 1082 865 versionem
1105 792 1185 854 illam
1209 809 1296 872 quam
1319 790 1412 852 Sim-

224 895 333 978 pliccru
352 896 513 974 nostram,
541 894 612 977 qula
636 895 738 955 versio
761 893 976 956 Heracleensis
997 895 1162 975 quamlibet
1180 912 1309 974 vocem,
1327 911 1409 972 par-

225 997 334 1062 ticulas
374 995 518 1058 orationis
556 997 710 1075 minimas,
756 996 845 1058 etiam
880 975 1042 1068 verborum
1078 1000 1280 1076 structuram,
1317 997 1410 1076 ipsas

224 1101 353 1183 denique
390 1095 597 1178 etymologias
634 1100 764 1162 reddere
799 1098 904 1188 studet
920 1095 959 1180 ¹).
1007 1099 1082 1162 llam
1108 1101 1204 1182 ipsam
1234 1101 1334 1160 autern
1366 1097 1407 1158 ob

224 1221 345 1268 causam
381 1199 472 1263 iacile
497 1219 680 1282 possumus·
699 1200 829 1262 indolem
867 1201 1018 1276 versionis
1045 1203 1191 1290 'antiquae
1209 1201 1343 1262 definire
1374 1203 1410 1260 et

222 1305 376 1380 illustrare
401 1321 442 1366 ex
465 1302 626 1366 collatione
649 1304 801 1374 versionis
824 1302 1050 1395 Heracleensis.
1095 1304 1213 1366 Etenim
1237 1307 1409 1384 propterea

224 1408 304 1491 quod
342 1405 427 1468 nimis
467 1404 562 1468 libera
596 1405 688 1485 Syris
718 1405 794 1486 ipsis
825 1405 985 1468 videbatur
1016 1407 1121 1468 versio
1150 1407 1271 1486 antiqua
1303 1420 1407 1484 neque

224 1511 315 1594 plane
344 1489 580 1589 repraesentalis
608 1509 714 1578 faciem
746 1511 852 1571 textus
876 1508 1052 1594 originalis,
1083 1509 1272 1590 scribendam
1292 1525 1408 1570 novam

224 1615 395 1678 versionem
423 1612 584 1691 cir-arunt,
614 1612 643 1672 in
674 1630 732 1694 qua
761 1611 940 1690 diligentiae
968 1612 1214 1676 accuratissimos
1243 1614 1275 1675 et
1296 1611 1408 1692 perie-

224 1717 378 1780 ctissimae
401 1713 477 1774 ratio
500 1711 603 1776 babitu
626 1715 668 1791 sit
683 1707 727 1796 ²).

326 1862 357 1929 l.'
393 1867 444 1927 lix
475 1867 618 1929 versione
649 1867 745 1946 igitur
774 1865 973 1931 lleracleousl
1002 1868 1130 1950 quisque
1159 1868 1249 1932 laeile
1277 1867 1406 1948 perspi-

223 1974 303 2052 ciet,-
338 1973 450 2054 quantu
482 1971 524 2031 sit
551 1987 770 2051 saepenumero
797 1969 962 2034 difficultas
992 1967 1111 2037 Graeca
1140 1970 1344 2032 transferendi
1373 1970 1403 2030 in

221 2077 357 2154 lingnam
378 2073 549 2152 Syriacam.
593 2073 716 2136 illinime
744 2071 864 2156 quidem
886 2071 1095 2152 ‚desperarunt
1118 2072 1210 2153 Syri,
1243 2075 1314 2154 quin
1334 2074 1405 2153 ipsa

223 2177 348 2240 Homeri
376 2175 506 2238 carmina
535 2178 568 2236 et
589 2173 769 2240 Aristotelis
791 2177 941 2238 tractatus
962 2172 1191 2256 pbilosopbicos
1214 2177 1245 2236 in
1266 2175 1400 2254 linguam

222 2281 349 2361 patriam
379 2281 556 2350 verterentr
583 2277 638 2364 sed
660 2295 758 2359 nequa
782 2267 960 2370 dubitabant
980 2274 1115 2355 linguam
1138 2277 1263 2340 desiere
1287 2282 1320 2342 et
1340 2279 1401 2340 de·
1489 2347 1490 2350 Ἴ

224 2388 366 2466 torquere
394 2396 575 2463 quocumque
605 2379 722 2442 vellent
740 2396 852 2461 ¹neque
881 2379 1181 2462 animadvertebant,
1213 2383 1402 2464 quantopere

223 2565 433 2584 Μ

330 2696 360 2766 1)
384 2694 472 2752 lllrite
498 2697 525 2750 in
549 2696 635 2766 praei.
659 2713 729 2752 vers.
753 2695 893 2762 Phiioxeu.
921 2695 998 2751 Tum.
1024 2695 1044 2750 i.
1068 2710 1131 2767 pag.
1149 2695 1222 2752 iit:
1247 2694 1404 2764 „Graecum

224 2789 322 2840 textum
347 2777 419 2834 sauci
442 2774 516 2834 addc
534 2788 563 2835 ut
580 2781 647 2835 lidus
669 2785 802 2852 interpres
821 2783 943 2854 sequitur
961 2779 1142 2852 Polycarpum,
1164 2783 1306 2838 verborum
1325 2788 1403 2838 etiarn
1488 2787 1489 2796 ’

225 2869 403 2925 collocatione
425 2867 547 2938 ipsisque
572 2867 694 2921 articulis
718 2865 874 2936 cmpbaticis
903 2870 1031 2922 retemire
1057 2881 1110 2922 non
1138 2869 1164 2921 ln
1184 2869 1321 2924 radiorum
1338 2885 1403 2940 gua-

224 2959 288 3009 tiam
314 2949 519 3022 paraphrastice
545 2955 737 3023 immpretatus
762 2955 825 3018 est,
844 2951 892 3006 sed
910 2954 1070 3022 ipsissimam
1090 2951 1185 3008 Graeci
1203 2962 1292 3010 textus
1310 2956 1402 3011 iaciem

224 3042 364 3112 exprimit3
397 3038 620 3108 explicationibus
646 3040 732 3109 igitur
755 3037 888 3106 abstinet,
915 3055 984 3111 quaa
1007 3043 1035 3093 in
1052 3037 1172 3110 Simplici
1190 3040 1344 3112 trequentes
1362 3045 1402 3096 in-

223 3129 381 3188 veniuntur,
404 3136 484 3175 voces
502 3119 629 3192 Syriacas
654 3126 681 3178 in
698 3128 798 3178 textum
818 3121 948 3180 Graecum
965 3125 1097 3180 admissas
1115 3129 1142 3178 ct
1159 3124 1198 3178 ibi
1216 3124 1319 3182 Graeco
1337 3143 1401 3198 quu-

197 3235 203 3241 ·
224 3226 275 3282 qne
293 3208 427 3274 redditas,
447 3221 514 3277 quas
533 3209 653 3279 neglexit
672 3211 766 3263 iterum
785 3212 958 3282 interpretari
977 3210 1109 3280 Simplex,
1127 3207 1249 3265 lruicest
1266 3213 1400 3284 religioni,

224 3295 364 3366 quominus
388 3291 565 3360 praeterirem
597 3290 804 3348 (irascereris.
831 3309 900 3364 quae
923 3295 965 3349 vel
985 3297 1044 3364 ipsa
1062 3301 1155 3364 paraui
1175 3297 1342 3350 intellexerat
1360 3297 1400 3353 vel

224 3375 470 3450 aequipollentibus
498 3375 575 3448 Syris
598 3377 711 3432 reddere
735 3365 940 3447 desperaverat,
966 3378 1009 3432 vel
1027 3382 1125 3434 retinet
1144 3383 1171 3438 in
1188 3385 1258 3434 textu
1277 3383 1318 3436 rei
1336 3367 1400 3435 bo'r-

226 3463 312 3518 ridius
338 3461 483 3532 aliquando
512 3461 545 3515 ad
570 3463 759 3534 etymologiam
783 3469 889 3517 vertere
914 3469 1027 3517 conatos
1052 3470 1093 3518 cst
1111 3467 1197 3535 potius
1218 3479 1295 3535 quam
1314 3464 1400 3520 lucam

224 3549 336 3606 Graecis
366 3547 534 3602 obducere.“
575 3544 643 3599 Sunt
667 3549 778 3605 maxime
804 3546 910 3619 llidleyi
933 3549 1032 3614 verba,
1065 3563 1141 3623 quae¹
1157 3547 1270 3605 libitius
1295 3555 1401 3622 repetit.

224 3637 266 3694 ct.
285 3651 368 3707 porro
387 3629 546 3687 Michaelem
564 3635 591 3685 in
609 3631 710 3688 introd.
731 3632 772 3688 ed.
792 3635 818 3690 4.
834 3648 897 3705 pag.
917 3635 977 3692 mu.
998 3647 1039 3705 sq.
1059 3639 1086 3687 ct
1103 3633 1235 3689 Storrium
1253 3637 1282 3688 iu
1299 3636 1317 3689 l.
1336 3651 1359 3692 c.

328 3725 358 3803 2')
381 3731 505 3788 Winc'rus
530 3737 558 3784 ut
577 3747 640 3787 usus
661 3733 769 3790 criticus
789 3740 866 3787 caute
883 3729 1040 3786 instituatur
1056 3737 1113 3786 tres
1133 3737 1274 3804 proposuit
1293 3737 1399 3808 regulas

223 3821 289 3874 iras:
321 3817 341 3872 l.
365 3815 481 3871 Primum
506 3817 591 3888 probe
609 3819 795 3874 attendendum
817 3815 910 3873 estad
929 3819 1037 3888 linguae
1055 3815 1183 3887 Syriacae
1202 3823 1350 3891 ingenium,
1369 3839 1400 3877 nc

223 3904 270 3958 ubi
287 3902 372 3973 Syrus
390 3905 750 3973 interpres,.grammaticae
768 3903 872 3958 cuidam
891 3904 1045 3956 necessitati
1065 3903 1269 3976 obtemperans,
1288 3904 1400 3962 atlrac-

224 3989 263 4043 cls
287 3987 378 4043 verbis
401 3987 539 4062 paululum
558 3987 680 4054 deflexit,
707 3989 832 4043 iectionis
851 3989 1006 4042 varietatem
1025 3987 1225 4058 deprehendere
1242 3989 1293 4044 tibi
1312 3991 1400 4046 ridea-

104 4105 115 4114 -
224 4075 277 4140 ris;
308 4072 341 4128 il.
366 4072 461 4127 deinde
485 4072 663 4127 secludendae
689 4079 751 4126 suut
775 4073 808 4127 ab
835 4071 886 4126 bac
904 4076 999 4128 critica
1014 4077 1178 4144 quaestione
1197 4078 1313 4130 minutae
1332 4076 1400 4144 iliae,

224 4157 321 4228 quibus
347 4157 436 4210 nulius
461 4171 514 4210 non
539 4155 774 4228 indulgere'soict
798 4159 949 4228 interpres,
981 4159 1114 4216 orationis
1133 4163 1303 4216 inversiones
1321 4168 1400 4215 muta-

224 4245 379 4314 tionesque;
405 4239 450 4294 ili.
475 4239 589 4311 denique
613 4241 754 4295 viulandum
772 4243 840 4308 erit,
852 4247 854 4254 '
866 4249 894 4296 ut
912 4259 981 4315 quae
1000 4244 1061 4300 baio
1080 4248 1245 4316 potissimum
1266 4249 1400 4317 interpreti

224 4327 374 4396 peculiaria
397 4329 473 4390 suut,
507 4339 540 4380 ex
563 4323 673 4379 assidua
699 4327 814 4381 lectione
839 4330 913 4397 prius
940 4345 1105 4401 cognoscas,
1133 4345 1211 4403 quam
1229 4333 1261 4388 de
1281 4335 1401 4388 versione

225 4413 285 4482 Syr.
305 4410 339 4464 ad
358 4409 522 4480 corrigenda
540 4407 644 4465 Graeca
662 4409 814 4466 adhibenda
833 4416 945 4485 cogites.
