2974 5012
197 324 238 374 'iv

206 537 334 610 Veteris
361 512 557 606 Testamenti
581 517 688 607 versio
715 505 932 608 Alexandrina
951 536 993 603 ad
1014 534 1096 604 Novi
1119 533 1323 603 Testamenti
1339 534 1388 600 uli-

208 718 344 784 ctionem
378 715 461 834 piam
498 715 648 784 facillime
684 719 799 805 aperit,
842 718 887 782 ita
915 714 1054 802 Syriaca
1081 713 1162 780 Novi
1193 704 1387 780 Testamenti

207 891 373 960 translatio
404 912 443 958 ex
474 891 625 960 idiomate
653 832 779 960 Graeco
805 896 838 959 in
866 895 966 980 ipsum
986 889 1192 958 Orientalium
1214 900 1334 956 coetum
1357 898 1389 955 et

207 1089 384 1138 sermonem
408 1067 562 1177 reducere
593 1067 728 1136 uidetur.
778 1068 883 1155 Atque
912 1071 1044 1156 primum
1072 1065 1198 1155 quidem
1221 1069 1254 1132 in
1283 1076 1385 1133 mente

209 1255 292 1325 erat,
323 1243 365 1312 ad
385 1246 529 1332 singulos
551 1245 588 1312 N.
611 1244 650 1310 Τ.
673 1244 773 1313 libros
798 1248 1019 1313 annotationes
1043 1243 1202 1322 scribere,
1231 1240 1385 1329 quemad

96 1399 102 1408 ⁸
207 1423 298 1490 linem
329 1442 423 1511 quum
452 1421 607 1508 maedam
639 1422 679 1488 do
705 1425 864 1502 versionis
896 1423 1021 1508 origine
1051 1430 1081 1488 et
1110 1417 1217 1486 indole
1240 1439 1385 1506 praemo-

207 1596 315 1666 nenda
343 1597 530 1675 meditarer,
565 1595 743 1664 subitone
771 1600 805 1664 in
830 1609 893 1665 tam
922 1597 1055 1685 amplum
1083 1604 1269 1679 vastumque
1292 1615 1389 1680 quae-

208 1777 321 1843 stionis
341 1793 490 1862 campum
522 1773 684 1861 abreptum
713 1773 798 1853 vidi,
819 1745 873 1840 *ut
905 1791 987 1860 quae
1009 1767 1217 1858 praelationis
1241 1770 1313 1839 loco
1339 1772 1386 1840 di-

178 2035 183 2046 ,
209 1962 387 2041 sputaturus
414 1971 517 2030 eram,
546 1950 648 2018 libelli
677 1953 739 2017 mei
763 1949 908 2017 ambitum
931 1972 1034 2038 paene
1058 1945 1220 2036 excedere·
1238 1948 1387 2016 videren-

1462 1873 1463 1912 l

208 2141 284 2197 tun·
307 2129 430 2196 Etenim
452 2138 523 2216 post
544 2127 567 2194 l.
590 2127 628 2193 D.
641 2127 832 2194 Michaelem
855 2131 1010 2194 neminem
1032 2127 1098 2195 ridi
1125 2125 1165 2192 de
1187 2129 1336 2194 versione
1351 2127 1385 2192 N.

1462 2271 1463 2314 t

210 2307 248 2373 T.
273 2304 414 2394 Simplici
440 2305 622 2372 accuratius
645 2313 676 2370 et
694 2303 817 2390 plenius
840 2305 1047 2386 disseruisse;
1070 2324 1152 2392 quae
1176 2325 1214 2370 er
1241 2303 1297 2372 illo
1313 2316 1388 2371 tem-

209 2503 287 2577 pure
318 2493 349 2549 et
375 2481 510 2569 plurima
533 2491 563 2547 et
583 2482 717 2548 mammo
746 2477 966 2548 memorabilia
991 2487 1023 2549 in
1043 2482 1140 2549 rebus
1162 2481 1305 2564 Syriacis
1331 2480 1387 2546 ob-

211 2669 340 2727 servata
370 2668 401 2726 ot
428 2657 553 2734 detecto
580 2667 667 2732 sunt,
706 2620 739 2721 in
761 2655 854 2722 libris
876 2659 978 2724 variis
999 2669 1030 2725 et
1050 2661 1103 2724 uix
1125 2601 1228 2723 multis
1253 2659 1388 2742 cognitis

209 2837 358 2916 latentia,
385 2851 509 2902 manum
538 2844 723 2921 exspectare
752 2832 957 2911 uidebantur,
989 2855 1069 2922 quac
1091 2835 1230 2902 membra
1254 2836 1389 2902 disiecta

210 3018 243 3079 in
268 3030 361 3080 unum
384 3028 500 3106 corpus
530 2952 868 3100 colligeretinterqpe
889 3031 925 3078 se
952 3011 1137 3098 colligaret;
1167 3024 1287 3080 restant
1311 3034 1396 3100 quo-¹

211 3208 271 3275 que
295 3185 434 3254 obscura
453 3184 563 3262 multa,
588 3183 701 3263 dubia,
725 3187 811 3254 haud
834 3207 937 3274 pauca
962 3189 1055 3274 plane
1078 3207 1215 3252 erronea
1238 3200 1267 3252 et
1286 3127 1388 3264 salsa3

93 3461 95 3468 Α
155 3439 160 3448 ,
211 3363 404 3433 omniafere
429 3363 517 3428 bisce
541 3365 575 3427 in
602 3360 699 3428 rebus
726 3382 800 3430 raro
824 3363 866 3428 ad
889 3364 1036 3428 amussim
1058 3341 1208 3450 inquisita
1232 3375 1261 3429 et
1283 3375 1317 3430 ut
1333 3365 1388 3430 de-

212 3554 261 3609 cet
290 3541 447 3608 illustrata
476 3549 561 3616 suut3
605 3538 741 3626 denique
777 3539 901 3626 plurimi
928 3529 1036 3606 nostro
1064 3552 1202 3630 tempore
1221 3545 1388 3609 -versionis

211 3895 356 3962 manibus
381 3895 556 3972 terebatur,
586 3895 640 3960 uix
661 3896 850 3961 mentionem
872 3896 993 3965 iaciunt
1017 3909 1152 3986 atquae
1176 3897 1215 3964 de
1238 3893 1390 3980 Syrorum
1462 3931 1463 3940 κ

212 3721 295 3786 illius
333 3717 640 3807 praestantissimae,
676 3735 757 3801 quae
798 3717 935 3785 saeculis
974 3719 1132 3816 prioribus
1169 3718 1389 3802 theologorum

213 4074 368 4150 ecclesia,
399 4063 711 4150 libris,‘litterarum
734 4071 847 4138 studiis
871 4071 893 4139 i.
918 4073 951 4139 S.
973 4075 1185 4150 Amenanus,
1213 4075 1263 4140 vir
1284 4072 1390 4141 erudi-

212 4253 306 4319 tionis
329 4271 405 4317 vere
432 4248 656 4329 admirandae,
686 4253 718 4316 in
746 4249 968 4318 Bibliothecae
993 4249 1163 4318 Orientalis
1188 4256 1278 4320 tornis
1302 4261 1389 4337 quat-
