2956 5004
217 284 282 350 330

217 495 370 559 redditur:
403 470 752 604 ἱβωῑροὴᾼὲὒξ
768 479 797 567 ¹)
826 502 903 565 quae
932 483 1085 565 perficitur
1112 484 1142 544 in
1172 501 1271 544 amore
1295 501 1320 544 s.
1342 483 1384 543 di-

218 611 360 679 l'ectlone.
413 607 499 688 llrgo
528 601 587 669 non
617 607 711 686 vidit,
747 603 871 666 Paulum
894 605 923 664 in
943 603 1000 698 boae
1024 603 1158 686 epistola
1177 601 1258 684 loqui
1279 619 1334 662 non
1353 600 1384 660 de

218 717 274 783 tali
301 716 377 794 bde,
407 729 486 794 qnae
515 709 553 771 ad
575 709 792 791 perfectionem
815 705 916 789 aliqua
937 726 972 769 re
994 710 1090 786 egeat
1110 738 1150 750 -
1177 705 1232 765 sed
1251 701 1307 764 boo
1326 704 1385 782 ipso

218 823 287 882 loco
318 816 441 879 Paulum
470 812 645 875 describere
668 829 733 870 eam
755 809 861 888 iidem,
900 828 985 890 quam
1011 810 1129 870 omnino
1156 807 1237 868 dicat
1258 808 1289 868 et
1309 804 1387 882 velit,

218 915 306 986 bdem
330 937 453 997 veram,
475 917 597 994 vivam,
619 930 699 996 qnae
722 929 763 972 ex
784 929 840 972 sua
861 911 957 990 ipsius
975 916 1084 974 natura
1106 911 1218 973 eibeax
1238 911 1301 987 est,
1325 907 1386 968 eiii-

219 1019 320 1116 cacem
354 1039 389 1082 se
417 1021 556 1102 praestat
582 1017 611 1077 in
633 1033 734 1076 amore
759 1011 818 1074 Dei
838 1011 1011 1074 liberatoris
1032 1015 1129 1075 nostri
1153 1016 1186 1074 et
1208 1029 1306 1072 amore
1327 1012 1385 1070 ira-

219 1135 306 1192 trnm.
350 1123 468 1187 Utinam
490 1137 566 1182 vero
589 1115 717 1180 amor'em
740 1119 772 1178 et
796 1133 890 1201 opera
906 1117 1016 1178 amoris
1031 1103 1190 1178 docuisset
1204 1109 1317 1192 Syrus!
1339 1111 1385 1172 sed

219 1236 247 1296 in
269 1251 333 1294 eam
352 1226 515 1289 doctrinam
538 1221 658 1302 etipse
679 1217 845 1296 delabitur,
866 1235 944 1301 qnae
966 1218 1128 1280 eeclesiam
1152 1215 1306 1296 Syriacam
1327 1215 1387 1274 uni-

220 1352 341 1398 uersam
374 1325 600 1410 pessumdedit3
634 1321 751 1384 laudari
783 1321 859 1381 enim
888 1319 926 1382 ab
955 1339 994 1382 eo
1025 1339 1122 1401 opera
1145 1317 1338 1382 abstinentiae
1361 1317 1387 1377 ot

221 1453 339 1522 pravae
374 1427 568 1504 hostilitatis,
604 1426 680 1486 satis
716 1423 909 1503 conspicuum
948 1425 997 1483 est
1015 1439 1068 1516 ‘ex
1097 1421 1200 1502 capite
1231 1421 1305 1498 illo,t
1336 1439 1386 1500 quo

222 1541 350 1606 maxime
378 1537 411 1596 et
435 1531 637 1607 Hieronymus
669 1529 701 1588 et
721 1543 824 1587 omnes
845 1541 966 1604 semper
990 1523 1127 1587 monacbi
1149 1525 1179 1584 in
1205 1523 1285 1584 vitae
1306 1537 1387 1582 asce-

156 1659 160 1669 ·
221 1649 300 1709 tione
323 1638 413 1702 laude
443 1629 607 1697 confirmari
637 1647 671 1689 se
699 1629 856 1709 putabant.
886 1625 930 1686 ·1.
963 1623 1033 1690 Cor.
1060 1625 1140 1707 Vll,
1176 1623 1209 1688 5.
1232 1621 1387 1704 Apostolus

222 1745 343 1810 serlbitt
376 1731 416 1820 pr}
438 1731 638 1808 ,ἀποστερεῖτε
658 1728 819 1805 ditificas,
855 1728 882 1792 si
902 1729 974 1809 μήτε
995 1728 1030 1791 ἐκ
1049 1722 1217 1809 συμφώνου
1240 1721 1316 1805 πρὸς
1331 1747 1387 1786 κει-

223 1841 298 1930 ρὸν,
314 1842 369 1906 tau
390 1835 557 1918 σχολάσητε
579 1836 614 1916 τῇ·
634 1837 794 1918 προςευχῇ.
837 1831 938 1911 Syrus
962 1831 1059 1893 verba
1077 1831 1386 1912 posterioracorrum-

223 1951 270 2037 pit
297 1947 328 2006 et
350 1937 521 2024 pervertit:
556 1934 615 1995 nisi
637 1951 724 2014 quum
748 1933 966 1996 consenseritis
989 1934 1026 1995 de
1049 1936 1206 2014 tempore,
1243 1950 1299 2013 qno
1318 1927 1387 1990 aili-

225 2069 309 2150 gatis
332 2081 391 2126 vos
424 2027 615 2167 (ΘΣΕ)
632 2045 663 2135 2)
687 2051 723 2112 ad
749 2024 886 2112 ieiunium
912 2053 944 2114 et
967 2053 1188 2134 precationem.
1239 2049 1342 2111 ibidem
1362 2021 1387 2105 vt

224 2187 257 2252 6.
296 2187 385 2248 τοῦτο
423 2165 457 2242 dd
485 2161 671 2256 le'yto'uurd
699 2171 881 2252 συγγνώμην
904 2214 937 2230 ..
963 2169 1080 2250 Syrus:
1116 2171 1175 2234 boc
1206 2173 1301 2234 autem
1331 2165 1388 2226 dito

225 2295 406 2367 tanquam
436 2277 602 2342 infirmis
624 2271 720 2356 (ergo
743 2273 827 2354 qnasi
848 2289 904 2352 per
926 2271 1188 2358 indulgentiaset
1207 2272 1317 2334 advos
1338 2268 1387 2328 de-

123 2457 125 2462 .
225 2383 391 2468 scenicus]
416 2401 475 2445 non
498 2398 574 2469 vero
599 2395 641 2438 ex
670 2375 830 2448 mandato;
858 2371 951 2456 mi.
983 2394 1045 2454 ego
1078 2375 1157 2436 enim
1182 2375 1304 2456 cupiens
1324 2390 1388 2446 snm,

226 2501 260 2560 ut
298 2504 400 2556 omnes
434 2483 577 2558 homines,
605 2478 722 2542 slmiles
753 2479 811 2540 mei
843 2478 904 2538 sint
933 2479 968 2537 in
991 2479 1181 2558 puritate.
1231 2477 1336 2539 ibidem
1360 2489 1387 2532 v.

206 2591 279 2666 ,21ss
302 2595 352 2657 ubi
380 2584 550 2672 Apostolus
581 2581 703 2660 scribit,
740 2581 767 2641 si
797 2581 848 2662 qui
879 2597 991 2640 servus
1019 2576 1196 2642 liber'tieri
1215 2579 1326 2662 possit,
1361 2575 1388 2634 ut

225 2699 369 2768 libentius
393 2688 554 2755 occasione
575 2703 603 2746 ε.
630 2683 772 2746 libertate
796 2685 914 2762 utatur,
950 2681 1051 2761 Syms
1075 2683 1104 2743 in
1127 2683 1304 2747 contrarium
1323 2676 1387 2738 beo-

227 2805 265 2867 tit
291 2791 471 2862 sententiam
495 2786 545 2872 [ut
566 2788 750 2866 interpretes
772 2801 892 2867 quoqne
913 2783 992 2845 band
1014 2762 1138 2866 σοῦσθε
1177 2785 1272 2848 Etiam
1295 2781 1319 2841 si
1335 2795 1387 2859 po-

226 2905 326 2972 tueris
348 2899 426 2962 liber
442 2893 523 2971 lieri,
549 2890 633 2968 eligo
646 2889 719 2968 tibi,
740 2893 775 2951 ut
788 2888 941 2952 servios..
963 2887 1050 2964 naga
1068 2886 1297 2964 abstinentiam,
1320 2879 1388 2943 ulii-

229 3011 357 3076 ctionem
372 2997 511 3080 corporis
524 3011 581 3075 per
595 2992 750 3070 ieiunium,
766 2991 932 3070 ,panemo
946 2991 1030 3060 uitae
1044 2988 1192 3068 coelebis,
1208 2983 1388 3053 voluntariam

227 3109 406 3175 servitutem
423 3100 525 3180 Syrus
545 3100 606 3158 tum
628 3112 727 3176 preve
746 3094 940 3174 expositione
963 3095 1024 3156 tum
1046 3091 1257 3154 additamentis
1276 3067 1305 3149 in
1326 3087 1388 3148 tex·

229 3218 289 3280 tum
324 3205 448 3278 intrusis
469 3197 501 3284 ³]
533 3201 672 3280 tanquam
710 3196 876 3260 doctrinam
906 3193 1106 3276 apostolicam
1133 3193 1283 3262 venditat.
1328 3185 1389 3248 itan

229 3311 354 3375 verbnm
377 3311 546 3386 σωφρονεῖν
567 3299 742 3381 plerumque
762 3299 800 3360 de
826 3299 968 3364 castitate
988 3297 1090 3376 Syrus
1113 3296 1261 3388 esposuit
1279 3291 1338 3354 Tit.
1359 3278 1390 3360 ll,

227 3418 261 3484 d.
285 3411 324 3480 6.,
346 3413 405 3474 etc.
448 3405 643 3491 Quantopere
666 3401 821 3464 doctrinae
842 3401 931 3462 istius
956 3415 1100 3468 venenum
1122 3401 1203 3470 ntor
1225 3397 1390 3476 Simili·

227 3525 297 3588 stes
316 3533 351 3580 sc
367 3507 536 3588 ditluderit,
560 3505 666 3588 cuique
689 3503 873 3584 compertum
892 3504 953 3572 est.

234 3669 437 3690 .-.-·-——-·-·

335 3753 365 3828 t>
399 3750 470 3808 ldom
488 3745 646 3804 vocabulum
664 3741 748 3798 babes
765 3739 818 3796 lac.
835 3739 876 3806 ll,
904 3733 983 3810 aas}
1000 3739 1089 3798 utum
1104 3733 1267 3804 teutoniam
1298 3726 1341 3784 red
1356 3722 1391 3777 la-

228 3842 314 3900 cobus
333 3853 366 3890 ex
383 3835 509 3904 professo
528 3832 556 3886 id
573 3834 643 3902 agit,
674 3835 703 3882 ut
721 3831 792 3882 iuter
809 3827 885 3880 fldem
906 3829 932 3880 ot
950 3824 1026 3878 iidem
1046 3823 1189 3880 discrimen
1207 3820 1301 3880 iaciat,
1329 3807 1393 3862 idem

181 3977 183 3982 ,
230 3930 360 3982 mortuam
380 3927 406 3974 ct
426 3920 503 3977 iidem
523 3920 619 3973 visam.

335 4021 367 4095 2)
401 4018 473 4074 idem
497 4017 655 4076 voomuim
678 4017 706 4068 in
723 4013 756 4069 V.
775 4010 808 4067 T.
827 4010 958 4076 occurrit,
977 4009 1006 4060 in
1022 4020 1079 4076 ¹(pao
1098 4007 1244 4074 praecepta
1261 4012 1311 4052 nar
1327 3987 1396 4044 nnita

233 4111 266 4164 de
285 4109 402 4170 ieiunio,
434 4118 503 4174 quae
522 4101 663 4156 Pharisaei
680 4105 768 4155 autem
784 4095 1021 4166 amplificatorem.
1054 4087 1270 4143 vPharisaeorum
1287 4073 1396 4134 umisa

234 4203 261 4251 ot
276 4193 437 4250 traditiones
457 4191 509 4242 iem
526 4185 717 4256 Apostolorum
734 4190 856 4250 tempore
873 4183 900 4233 in
919 4178 1048 4232 eeclesiae
1068 4178 1175 4230 invecta
1192 4175 1260 4228 sunt.

336 4291 368 4359 3)
402 4289 540 4356 Naeuiae
568 4283 669 4356 addunt
694 4297 719 4337 v,
751 4283 787 4337 5:
808 4282 889 4352 etiarn
914 4272 1031 4347 (tyrillus
1057 4275 1132 4330 Alea.
1166 4279 1200 4338 ot}
1217 4262 1274 4326 uit
1299 4254 1396 4326 tillim·

233 4375 352 4435 Militare:
375 4371 458 4445 ,quod
484 4383 578 4440 preces
599 4368 731 4428 ‚ieiunium
750 4363 808 4420 iore
826 4365 967 4418 comitetur
984 4365 1012 4416 in
1029 4359 1059 4416 S.
1076 4357 1207 4423 Litteris,
1237 4343 1396 4415 adoeriprbw
