2974 5012
1248 258 1269 320 7

84 456 131 516 ria
160 449 312 534 quondam
341 451 488 512 terrarum
517 443 646 504 unanima
678 443 710 504 ei
737 439 875 522 pluribus
909 436 1052 500 distincta
1089 427 1268 500 acutulus.

22 611 27 617 .
87 559 224 638 Namque
246 553 422 616 Palaestina
445 548 629 634 vocabatur,
654 561 713 626 qua
732 542 883 620 contingit
905 537 1027 604 Arabas
1051 539 1083 602 et
1104 536 1217 614 Iudaea
1238 537 1271 598 et

78 659 204 732 ¹Coele3
242 657 310 718 dein
332 653 484 718 Phoenice
506 652 538 710 el
553 663 619 730 ¹qua
636 645 755 708 recedit
775 646 855 706 intus
874 644 1081 717 Damascena,
1111 657 1148 700 ac
1168 635 1270 714 magis

87 765 247 826 etiamnum
270 758 432 820 meridiana
456 749 639 830 babylonia·
684 747 724 808 nt
745 747 849 810 eadem
868 742 1093 824 Mesopotamia
1108 741 1187 802 inter
1202 737 1268 798 hiu-

87 867 226 948 phratem
240 845 430 938 et'Tigrinm
462 869 582 937 quaque
595 851 713 912 'bausit
729 849 881 931 laurum,
907 845 1072 927 Sophene,
1100 843 1177 906 citra
1193 856 1269 902 vero

90 969 181 1040 etiam
210 965 407 1044 Counageue,
447 963 483 1020 et·
511 955 591 1028 ultra
616 951 790 1014 Armeniam
817 945 996 1028 Adiabene,
1033 944 1168 1025 Assyria
1198 945 1270 1006 ante

92 1073 182 1132 dicta·
197 1073 229 1131 et
249 1069 299 1128 ubi
322 1065 456 1140 Ciliciam
477 1059 602 1136 attingit
624 1053 821 1118 Antiochia.“
849 1089 888 1100 —-
940 1053 986 1114 hin
1016 1049 1137 1130 plenum
1167 1050 1268 1109 terra-

91 1193 155 1236 rum
178 1173 337 1245 ambitum,
370 1185 446 1248 quas
467 1164 621 1242 imperium
643 1157 840 1236 Assyriorum
862 1154 1052 1236 complexum
1075 1154 1125 1214 est
1143 1145 1181 1232 ¹).

196 1273 295 1338 Citius
314 1271 409 1350 igitur
432 1267 524 1350 periit
547 1264 764 1326 Aramaecrum
782 1274 904 1336 nonucn,
931 1255 969 1317 ab
986 1239 1127 1333 Assyriis
1144 1251 1269 1332 prbuum

55 1399 59 1407 ’
92 1382 278 1457 absumtum,
314 1393 391 1457 quos
412 1371 557 1448 deinceps
575 1359 674 1426 seculi
696 1365 766 1424 suut
784 1359 949 1436 Chaldaei,
977 1356 1104 1433 Graeci,
1133 1351 1270 1428 Romani,

94 1486 213 1545 Persae
243 1481 276 1540 et
303 1462 445 1551 Arabes,
474 1472 518 1532 ita
541 1471 574 1530 ut
597 1483 717 1546 semper
737 1465 801 1524 iere
822 1463 853 1524 iu
871 1459 1100 1541 peregrinorum
1121 1453 1270 1516 obedien-

97 1587 166 1648 tiam
188 1581 304 1646 redacti
326 1577 437 1647 suerint
454 1571 558 1654 pupuli
578 1570 638 1646 ilii,
664 1569 715 1649 qui
733 1565 896 1648 Euphratis
916 1562 992 1643 ripis
1011 1560 1158 1624 adiacent.
1201 1554 1268 1618 Ne-

65 1773 68 1780 ,
94 1705 154 1770 que
178 1671 356 1748 tamennon
377 1677 496 1740 maximi
520 1673 659 1735 nocumenti
681 1671 738 1732 fuit
755 1669 973 1734 Aramaeorum
991 1663 1114 1740 lingua,
1136 1673 1270 1722 consue-

95 1792 168 1860 tudo
192 1792 224 1852 et
243 1791 346 1863 terra,
377 1777 502 1842 etiamsi*
519 1775 627 1838 alienis
649 1772 794 1852 gentibus
810 1770 980 1846 servirent,
1007 1766 1100 1828 itaut
1119 1781 1161 1824 ex
1178 1759 1270 1822 victis

94 1911 193 1976 paene
223 1891 359 1952 victores
389 1881 531 1944 evasisse
560 1878 721 1940 videantur
747 1873 900 1955 legesque
927 1873 959 1932 et
981 1884 1081 1930 mores
1106 1862 1270 1928 tradidisse
1316 1841 1319 1852 ¹

94 2001 151 2074 iis,
174 2010 296 2076 quorum
312 1989 424 2078 ditione
437 1983 623 2044 tenerentur.
666 1977 761 2058 quue
782 1974 915 2036 iocorum
931 1973 1001 2052 ipsa
1019 1983 1178 2048 rerumque
1192 1963 1270 2026 ratio

98 2099 206 2162 effecit.
259 2094 300 2156 Ut
321 2091 396 2152 enim
419 2085 590 2149 accuratius
609 2081 685 2142 [ines
700 2075 976 2140 circumscribamus
1003 2086 1103 2132 earum
1125 2065 1272 2144 gentium,

95 2219 172 2285 quae
185 2215 338 2261 ccmuuuue
355 2193 570 2256 Aramaeorum
585 2168 691 2246 nonuen
705 2181 848 2258 tulerunt,
872 2171 1087 2238 exordiendum
1101 2170 1153 2232 est
1165 2184 1183 2226 a
1196 2161 1271 2226 Me-

97 2303 277 2384 sopotamia,
301 2314 380 2380 quae
394 2295 541 2357 affinitate
560 2263 678 2368 gaudei
692 2283 866 2360 Armeniae,
890 2277 1054 2356 Assyriae,
1076 2267 1273 2349 Babyloniae.

98 2406 152 2471 Gis
171 2401 353 2484 Euphratem
367 2400 396 2458 in
414 2397 538 2461 deserto
554 2389 695 2454 Aramaei
708 2387 794 2448 mixti
813 2385 901 2446 erant
912 2378 1079 2456 Arahibus,
1102 2375 1147 2436 ita
1164 2373 1273 2448 tamem

98 2515 130 2572 ut
146 2507 362 2571 Aramaeorum
386 2501 495 2578 lingna
517 2500 550 2560 et
569 2511 669 2556 nrurcs
683 2487 911 2572 praevalerent.
954 2482 1018 2546 Sed
1033 2476 1179 2544 tenebant
1192 2489 1274 2555 quu-

100 2631 158 2697 que
183 2606 410 2686 coelesyriam,
452 2600 702 2676 Commagenen,
738 2593 972 2666 [damascenam
1009 2598 1122 2646 omnem
1146 2576 1275 2656 denique

100 2717 275 2795 regionem,
312 2723 390 2790 quae
421 2705 457 2770 ab
480 2699 637 2782 Euphrate
660 2697 697 2758 ad
725 2695 877 2771 Taurum,
909 2707 991 2752 mare
1014 2683 1275 2754 mediterraneum,

100 2820 260 2894 Libanum,
295 2807 498 2874 Palaestinam
523 2803 655 2886 spectat.
704 2798 811 2860 Nonne
832 2793 870 2856 ad
898 2794 1004 2855 nostra
1023 2801 1120 2866 usque
1140 2783 1277 2857 tempora

101 2983 301 2998 ,,.....---

103 3092 143 3144 eis
169 3099 267 3138 numen
282 3078 435 3148 'Acceptum
453 3077 571 3131 auditum
590 3087 649 3128 esse
670 3065 794 3125 coniicit,
822 3059 900 3130 quasi
925 3069 982 3108 cum
1001 3049 1114 3105 articulo
1134 3043 1163 3102 οἱ
1182 3041 1280 3116 lipom

104 3165 272 3232 dicerentur,
303 3170 332 3217 ut
355 3161 457 3216 Arabes
481 3159 661 3216 Alexandrum
685 3146 849 3208 Escandrum
874 3145 980 3198 uocant.
1015 3137 1058 3192 Fit
1077 3141 1279 3204 saepenumero,

104 3265 133 3312 ut
157 3260 185 3310 in
208 3250 359 3310 nominibus
384 3250 502 3318 propriis
524 3244 629 3315 syllaba
653 3243 740 3311 prima
757 3233 916 3293 obiiciatur,
941 3224 969 3278 id
989 3221 1061 3293 quod
1081 3221 1191 3274 manime
1211 3211 1281 3283 apud

105 3341 253 3398 Germanus
274 3335 365 3392 uidere
383 3335 454 3387 licet.
491 3331 620 3400 Displicet
638 3328 751 3380 aliorum
769 3317 918 3378 sententia,
945 3312 990 3382 qui
1008 3322 1104 3364 nomen
1123 3305 1250 3374 Syrorum
1265 3311 1282 3350 a

105 3421 150 3480 Ἶίι
167 3428 210 3482 ιιι
228 3439 246 3478 a
261 3409 346 3498 ’Μ’-ᾗ
366 3419 484 3474 deriuari
502 3417 602 3470 uoluat.

210 3527 242 3594 1)
267 3522 362 3576 Latius
386 3519 469 3588 igitur
487 3517 579 3585 patrii
602 3510 773 3578 Assyriorum
794 3506 820 3554 ct
844 3497 973 3568 Syrorum
996 3505 1093 3544 nomen
1116 3493 1196 3556 quant
1213 3482 1282 3536 Ara-

107 3625 252 3668 maeorum.
296 3605 350 3661 Sed
375 3599 698 3670 aliamsigniiicationem
722 3601 818 3644 nomen
842 3581 937 3650 Syriae
961 3577 1058 3640 subiit,
1084 3567 1284 3626 Seleucidarum

108 3713 194 3770 reguo
220 3696 364 3748 constituto
390 3695 416 3742 ct
441 3703 519 3757 quum
539 3689 635 3753 postea
652 3677 733 3746 Syria
750 3670 889 3742 prouincia
907 3663 1028 3716 Romana
1045 3659 1129 3710 tieret.
1165 3652 1284 3703 Seleuci-

108 3785 201 3836 darum
220 3781 358 3849 imperium
377 3790 429 3846 quc
449 3771 535 3839 magis
554 3762 763 3820 diminuebatur,
788 3769 820 3807 eo
837 3750 948 3820 propius
961 3742 995 3796 ad
1015 3755 1062 3794 ecs
1080 3739 1145 3790 brues
1164 3733 1284 3796 recessit,

111 3872 157 3940 qui
175 3869 238 3922 olim
256 3863 448 3918 Aramaeorum
466 3853 588 3914 ruerant,
607 3850 645 3902 ita
663 3850 691 3899 ut
709 3856 778 3914 quae
796 3845 870 3892 terra
888 3839 943 3888 tum
960 3827 1040 3900 Syria
1059 3823 1130 3877 dicta
1148 3825 1189 3874 est
1206 3833 1286 3888 pror-

104 3955 158 4008 'sus
175 3954 231 4006 iere
249 3949 405 4004 conueniret
422 3959 480 4010 cum
495 3939 606 4006 antiqua
622 3939 697 3986 terra
710 3928 799 3982 Aram.
817 3918 946 3990 Iosephus
961 3913 1050 3982 Antiq.
1065 3909 1086 3975 1,
1105 3913 1130 3973 6,
1145 3909 1172 3962 4.
1192 3904 1286 3974 Syriae

113 4037 179 4092 finos
197 4040 236 4093 ita
252 4031 464 4094 circumscribit,
489 4031 519 4080 ut
535 4026 609 4093 ipsas
628 4022 655 4071 et
680 4016 736 4070 iere
755 4011 829 4066 sotus
846 4010 942 4076 gentes
960 3995 1107 4052 Aramaeas
1127 3987 1287 4057 complecta-

111 4132 165 4180 tur.
200 4118 355 4190 Gougraphi
379 4115 548 4187 posteriores
571 4105 676 4176 Syriam
694 4100 775 4167 uulgo
794 4107 852 4148 eum
870 4095 1002 4142 terrarum
1019 4083 1134 4133 tractum
1152 4072 1287 4134 deliniunt,

112 4210 158 4280 qui
185 4210 254 4262 inter
279 4219 352 4258 marc
377 4200 599 4256 mediterraneum
617 4194 643 4242 et
661 4183 822 4254 Euphratem
839 4191 855 4229 a
874 4171 967 4226 Tauro
985 4171 1013 4221 ei
1035 4163 1136 4218 Amano
1157 4154 1289 4211 montibus

112 4293 147 4348 ad
164 4291 314 4364 Aegyptum
337 4302 422 4356 usque
449 4289 476 4338 ιι
493 4277 627 4355 ιΑιιιιιίιιιι
646 4272 779 4326 desertam
797 4262 892 4331 uergit.
930 4253 972 4309 (ii.
989 4249 1098 4335 Winer,
1118 4239 1149 4298 R.
1165 4239 1206 4296 W.
1225 4255 1247 4294 s.
1267 4251 1289 4288 ι.

109 4375 232 4439 ’ΒιΙιιιιι,
253 4371 411 4427 Palaestina
429 4381 491 4438 pag.
506 4365 549 4422 46.
584 4355 659 4416 inira
677 4357 732 4410 alia
750 4349 784 4406 ad
803 4348 872 4402 hanc
889 4354 945 4396 rem
964 4333 1126 4408 pertinentia
1143 4327 1273 4381 dicentur.
