2956 5004
33 4467 35 4576 l

232 282 307 356 336,

234 462 425 528 detinebatur
455 461 494 526 ab
514 460 647 524 Arsame
662 459 834 524 Adiabene.
878 457 1103 526 Plane-cudere
1126 463 1248 530 videtur
1269 467 1298 530 in
1317 467 1399 534 luatis

233 566 385 630 Adiabeni
412 553 519 646 iillum,
558 565 636 646 quod
658 565 826 645 Abgarus,
859 564 951 630 luatis
973 565 1015 628 bl.
1064 565 1206 630 Edessae
1226 569 1398 634 Mausoleum

233 671 292 734 sibl
322 669 496 733 aedificavit
519 685 547 732 a.
567 665 621 732 89.
643 685 706 730 sec.
726 665 837 730 Chren.
860 669 969 732 lldess.
1012 671 1153 732 lldessae
1174 670 1212 751 de
1230 675 1315 750 regni
1333 694 1399 758 suc-¹

234 773 373 836 cessione
402 770 463 832 illis
491 770 677 851 temporibus
708 771 851 836 tumultus
881 774 914 834 et
933 773 1104 837 seditiones
1127 773 1236 834 multas
1256 775 1345 838 luisse
1362 795 1400 838 ex

234 874 341 936 eodem
364 871 514 936 Chronico
542 870 710 938 clarissime
741 876 838 954 patet.
882 873 1053 937 Secundum
1077 875 1284 938 Armeniorum
1308 877 1400 940 histo·
1444 955 1445 964 ἵ

234 978 307 1042 riam
327 975 485 1038 liruaudus
508 971 546 1038 ll.
567 995 587 1038 a
608 973 682 1038 Chr.
705 972 757 1036 75.
778 973 922 1038 Romanis
944 959 1093 1042 lidessam
1118 980 1151 1042 et
1164 978 1398 1060 Mesopotamiam
1444 967 1445 1048 J

235 1061 399 1142 concessit.
427 1077 502 1140 ,llio
524 1081 662 1159 tempore
685 1078 807 1144 tradunt
829 1078 983 1142 Romanos
1002 1097 1020 1141 a
1041 1081 1159 1162 Sinope
1172 1081 1311 1162 Pontica,
1332 1100 1398 1164 quae

235 1183 307 1244 urbs
335 1180 492 1265 hucusque
521 1182 667 1244 aerarium
687 1183 732 1244 «et
754 1178 951 1242 archluariuno
973 1183 1103 1264 fnisset,
1132 1185 1279 1246 Edessam
1299 1184 1398 1246 biblio-

235 1284 352 1350 thecam
382 1287 414 1346 et
442 1284 612 1363 vectigalia
641 1281 834 1346 transtulisse
864 1283 953 1364 eique
982 1285 1053 1350 loco
1083 1286 1258 1368 toparcham
1277 1304 1398 1368 praepo·

235 1390 347 1452 suisse.
392 1387 573 1468 Toparchas
597 1387 745 1450 mansisse
767 1385 805 1446 ad
819 1383 998 1480 caracallae
1020 1367 1280 1477 usquetempora.
1323 1386 1398 1471 Quod

234 1493 262 1552 si
290 1509 395 1554 verum
422 1494 489 1570 est,
530 1489 668 1552 videntur
694 1486 820 1549 Romani
850 1505 879 1550 a.
898 1489 1019 1553 circiter
1039 1480 1093 1556 80.
1115 1492 1292 1572 Abgarum,
1317 1489 1397 1552 luatis
1444 1495 1445 1502 ’

234 1593 343 1675 lilium,
366 1592 541 1674 toparcham
564 1595 596 1655 et
617 1589 757 1668 regulum
774 1577 962 1654 Edessenum
978 1597 1189 1658 constituisse.
1230 1593 1333 1656 luatem
1347 1591 1396 1652 nli-

235 1701 309 1780 quot
329 1697 407 1758 filios
429 1697 555 1756 llomam
578 1693 714 1770 misisse,
736 1709 778 1752 ex
793 1691 925 1774 losepho
949 1698 1119 1776 cognitum.
1161 1697 1276 1760 Mansit
1288 1711 1397 1770 reguum

235 1799 315 1880 apud
345 1797 440 1860 luatis
468 1795 629 1876 posteros,
666 1793 717 1874 qui
744 1797 849 1856 eontra
873 1791 1005 1861 Parthos
1028 1817 1160 1886 regnum
1181 1798 1350 1878 occupantes
1368 1796 1397 1854 et

235 1901 410 1964 lldcssenos
448 1898 533 1978 ipsos
564 1893 777 1961 tumultuantes
805 1898 949 1994 eonsilium
974 1901 1177 1965 Romanorum
1207 1900 1322 1979 saepius
1345 1897 1396 1954 im·

234 2003 357 2084 plorare
387 1999 485 2064 coacti
514 1999 593 2059 sunt
645 1996 686 2060 Ut
710 1998 837 2062 Romani
861 2007 880 2062 ‘a
904 2003 1021 2084 Sinope
1040 2005 1083 2068 ita
1106 2003 1201 2068 luatis
1219 2002 1293 2065 lilius
1313 1996 1395 2060 Nisibi

159 2165 166 2192 ·.
235 2103 446 2167 bibliothecam
471 2104 504 2164 et
524 2100 671 2162 aerarium
693 2099 844 2164 Edessam
862 2105 1028 2169 transtulit.

338 2206 396 2268 Ad
426 2201 711 2284 geographiam
740 2203 1081 2285 Mesopotamiae.
1114 2205 1191 2270 Inati
1212 2225 1231 2268 a
1251 2207 1395 2286 patrem-

39 2393 44 2404 ·
158 2289 159 2292 Ἴ
236 2309 358 2391 gioncm
380 2326 445 2373 eam
468 2307 655 2370 commissam
676 2323 766 2385 esec,
789 2307 819 2368 in
840 2325 900 2388 quo
915 2292 1075 2372 Israelitac
1091 2305 1396 2380 exsulesbabitabant,

236 2411 434 2478 certissimum
457 2409 525 2474 mihi
547 2410 679 2472 videtur.
722 2407 773 2470 Ad
795 2408 898 2470 urbem
915 2409 1134 2475 Roth-Mobde
1155 2407 1298 2496 (Gemite)
1318 2421 1396 2488 prue-

237 2515 325 2594 cipue
349 2512 562 2576 attendendum
588 2515 647 2574 ert.
689 2507 723 2572 ln
746 2509 798 2592 llla
819 2509 936 2592 pluriml
958 2511 1062 2575 ludaei
1084 2513 1280 2594 habitabant,
1307 2513 1334 2572 in
1351 2525 1397 2568 ea·
1444 2573 1445 2576 ,

238 2619 308 2680 dean
327 2616 482 2706 plurimis
503 2615 599 2696 primo
621 2613 690 2674 inde
712 2615 849 2692 tempore
872 2611 1051 2695 Christlaul,
1081 2618 1112 2678 in
1135 2617 1266 2681 eiusdem
1285 2613 1396 2690 regione

211 2721 362 2805 'plurima
392 2719 574 2782 monasteria
590 2718 761 2780 vexstructa
787 2718 866 2778 sont.
909 2715 1127 2780 Monasterium
1151 2718 1251 2782 Areae
1271 2715 1335 2778 inde
1356 2710 1396 2770 di·

236 2826 318 2886 stare
357 2821 464 2883 dieitur
502 2819 638 2892 milliaria
675 2820 828 2900 quattuor.
886 2817 1013 2882 Fluvios
1051 2819 1156 2886 Oahur
1185 2822 1277 2886 eidem
1302 2812 1396 2896 oppido

236 2923 412 3006 proximus3
429 2920 545 3002 legitur
567 2923 643 2983 emim
665 2922 695 2982 in
716 2918 866 3012 Chronico
888 2921 1029 3002 Dionysii
1051 2921 1193 3006 (Assem.
1208 2923 1245 2986 11.
1261 2941 1290 3002 p.
1308 2911 1396 2996 llll:

159 3041 163 3048 '
236 3046 265 3090 a.
287 3023 371 3088 1067
393 3025 504 3088 accidit
527 3029 628 3086 terrae
652 3023 750 3084 motus
771 3023 800 3083 in
822 3024 952 3102 regione
975 3023 1105 3088 Geuirae
1126 3031 1161 3090 et
1180 3027 1238 3088 tria
1259 3019 1396 3086 Chaburae

236 3129 406 3192 adiacentia
428 3127 540 3208 oppida
552 3127 742 3190 corruerunt.
784 3124 832 3216 De
847 3124 903 3188 hae
920 3127 993 3190 urbe
1007 3129 1047 3192 ci.
1061 3127 1260 3206 Ainswortb,
1281 3113 1396 3184 Travelfl

236 3251 267 3312 p.
292 3227 365 3292 148.
389 3232 421 3290 et
445 3227 670 3308 buchingham,
700 3228 795 3292 Reise
815 3228 906 3292 durch
926 3230 1171 3312 Mesopotamien
1193 3251 1225 3312 p.
1249 3222 1320 3290 aad.
1355 3217 1395 3278 lli

237 3331 357 3414 fluviis,
393 3332 443 3412 qui
473 3349 514 3392 ex
545 3330 712 3394 Ourdorum
741 3333 890 3396 montibus
920 3333 950 3400 im
981 3331 1302 3412 Tigrim'immittunt,
1337 3315 1395 3383 vidi

238 3432 416 3509 Ainsworth
448 3432 582 3494 'fravels
614 3453 645 3514 p.
681 3418 744 3498 167
772 3437 837 3498 not.
868 3433 896 3494 l.
945 3435 1166 3500 Beth-Zabde
1193 3431 1329 3518 (Djenire
1357 3418 1396 3482 ibi

238 3533 346 3620 cmm)
381 3536 460 3618 apud
491 3535 693 3616 geographos
730 3535 855 3599 Arahes'
874 3537 1056 3600 describitur
1085 3543 1225 3621 tanquam
1257 3530 1325 3592 urbs
1350 3536 1395 3584 ndi

239 3641 343 3718 mragni
371 3639 499 3701 ambitus
532 3636 731 3721 (Schultess,
766 3637 830 3699 ind.
857 3636 1006 3722 geogr.]:
1034 3643 1196 3704 secundum
1218 3625 1395 3705 annumgla-

236 3745 326 3819 *mium
350 3741 526 3805 fabulantur
550 3742 692 3824 Arabes,
724 3743 888 3824 antiquitus
898 3745 955 3806 =tot
978 3743 1071 3807 aedes
1097 3743 1245 3806 Turoioas
1265 3735 1327 3797 huic
1343 3721 1396 3788 urbi

238 3846 333 3918 luisse
363 3847 437 3926 quot
466 3846 531 3907 dies
561 3847 590 3906 in
620 3864 696 3908 anno
726 3847 926 3910 numerantur.
978 3845 1184 3921 'Proditionem
1215 3843 1252 3903 de
1280 3851 1343 3900 arca
1366 3823 1396 3886 ib

238 3946 359 4010 ludaeis
394 3949 541 4024 originem
573 3950 699 4011 duxisse
721 3951 815 4029 puto,
854 3949 904 4030 qui
929 3948 1018 4010 etiam
1037 3949 1156 4010 nomina
1177 3941 1289 4019 Erech,
1326 3928 1397 3994 bobo

178 4091 180 4100 ‚
240 4052 301 4114 etc.
340 4047 460 4130 oppidis
501 4047 744 4132 Mesopotamiae
783 4049 975 4131 adaptarunt.
1032 4049 1156 4113 Montes
1190 4037 1336 4122 Gordyael
1360 4027 1398 4110 [¹¹¹

178 4213 180 4218 .
229 4153 351 4234 ‘quihus
374 4149 592 4214 Monasterlum
615 4151 736 4236 Areae)
760 4153 841 4234 apud
866 4151 989 4214 Arabes
1013 4156 1083 4216 sunt
1107 4147 1259 4214 Ilschebel
1279 4125 1397 4205 Dschntll'
1444 4189 1445 4192 ,

240 4271 355 4332 „mons
378 4253 532 4316 imminens
555 4252 671 4316 insulae
691 4255 733 4316 lil.
756 4255 847 4320 Omar
869 4252 1122 4338 (Beth-Zabde]
1143 4255 1181 4317 ad
1208 4252 1285 4316 latus
1310 4239 1397 4302 orien-

243 4352 305 4416 tale
328 4352 437 4432 'lignis
445 4397 455 4438 ,
485 4372 579 4438 super
602 4373 663 4442 quo
688 4357 827 4422 consedit
850 4375 922 4422 anca
944 4356 1041 4422 Noae.
1052 4358 1072 4398 “
1117 4357 1246 4436 Legitur
1264 4349 1344 4412 Meus
1365 4347 1398 4396 ⁰¹
