3014 5008
180 256 246 346 rso

181 448 293 514 reapse
323 427 357 492 ot
385 389 563 510 probabile,
601 424 754 504 invectam
784 423 890 488 eodem
920 424 987 486 lere
1002 427 1152 508 ‚tempore
1181 421 1306 486 eandem
1333 422 1367 483 ln

182 529 342 612 regionem
371 529 444 594 fidei
474 527 665 594 Christianae
691 526 950 610 praedicationem
977 521 1136 612 probasse
1158 536 1231 586 sese
1261 541 1380 594 eorum.

184 634 264 698 baud
292 633 416 716 paucis,
439 631 501 713 ⁴qul
524 648 572 694 ex
601 629 692 710 Syris
723 628 762 692 ad
787 629 926 694 Iudaicas
953 627 1130 734 leg‘es'lapi
1149 627 1264 708 pridem
1288 645 1368 692 con-

186 737 272 800 versi
300 737 396 797 erant.
411 729 452 816 1].
496 732 597 814 Quare
620 731 662 814 V,
683 721 725 792 u:
747 730 1155 824 interpretationemsecuta
1170 732 1241 792 suat
1258 729 1370 792 Evan-

187 837 367 914 gelistarum
396 835 429 897 et
450 831 670 916 Apostolorum
694 832 810 914 scripta
832 829 963 911 Syriaca
993 848 1052 892 uon
1076 831 1370 924 metoposcopum

91 1003 95 1011 ,
188 938 304 1008 omuino
327 937 382 1002 illa
404 935 470 998 orbl
493 933 641 1010 tcr'rarum
662 917 866 996 innotuerunt.
910 931 1039 1016 Primum
1063 923 1198 1001 lortasse
1220 931 1370 999 Matthaei

186 1038 392 1118 Evangelium
415 1037 547 1120 Syrisce
577 1035 755 1100 transbtum
785 1035 849 1112 est,
878 1050 956 1114 quae
987 1035 1090 1096 versio
1119 1029 1312 1115 simplicitate
1337 1038 1372 1098 et

187 1139 246 1202 lide
281 1142 422 1222 praestat
451 1141 582 1205 ceteris·
622 1135 717 1200 luatis
746 1134 863 1217 posteri
891 1151 958 1196 num
976 1138 1207 1216 permanserint
1234 1137 1265 1198 ln
1292 1136 1371 1200 rell-

188 1242 283 1320 gloue
319 1243 437 1324 patris,
480 1241 665 1322 compertum
697 1255 758 1332 non
793 1233 955 1310 babemus3
1002 1234 1239 1302 Christianorum
1272 1239 1371 1300 tradi-

187 1343 320 1408 tionibus
357 1346 384 1407 si
418 1343 491 1427 quid
516 1341 574 1418 bac
608 1342 639 1404 lu
667 1357 702 1404 re
731 1336 918 1404 tribuendum
941 1341 1009 1419 est,
1039 1339 1183 1408 videntur
1203 1339 1254 1402 lilii
1276 1339 1373 1404 dese-

187 1445 287 1508 ruisse
324 1446 459 1528 spretam
482 1443 667 1508 'ludaeorum
700 1442 776 1504 slve
805 1437 1042 1504 christianornm
1081 1440 1181 1504 bdenr.
1222 1441 1268 1504 At
1296 1459 1373 1506 vero

190 1547 315 1610 sacerdo
343 1533 480 1610 secundo
499 1543 592 1606 luatis
619 1561 778 1625 pronepos
798 1541 943 1621 illaesus,
969 1541 1072 1604 Maanl
1094 1543 1189 1624 illus,
1219 1535 1373 1608 Christia-

190 1665 246 1714 nus
268 1649 326 1710 luit
348 1650 381 1710 et
394 1646 519 1710 ¹Eralanl
543 1646 601 1708 lam
621 1645 760 1726 tempore
784 1639 844 1732 don
865 1643 963 1706 solum
985 1623 1123 1712 Edessae
1136 1639 1186 1729 ²),
1209 1647 1374 1710 sedetiam

191 1747 222 1808 lu
244 1748 312 1812 aliis
335 1747 577 1830 Mesopotamiae
600 1747 721 1828 oppidis
742 1748 894 1824 martyres
915 1747 992 1808 ratis
1012 1746 1098 1811 multi
1119 1749 1319 1828 exstiterunt,
1345 1749 1375 1810 sl

191 1848 393 1917 Romanorum
416 1848 648 1929 martyrologiis
666 1846 761 1909 lidem-
777 1844 931 1922 babuerls·
958 1827 1077 1934 fQuare
1096 1841 1220 1913 saecnlo
1239 1849 1295 1912 iam
1316 1867 1376 1911 se-

192 1949 290 2013 cundo
310 1953 451 2032 putamus
473 1952 504 2014 in
523 1948 714 2032 Mygdonla,
746 1946 907 2027 Armenia,
928 1948 1087 2012 Adiabene
1110 1955 1141 2014 et
1165 1951 1195 2012 in
1215 1950 1289 2012 urbe
1312 1951 1378 2014 Se-

193 2047 292 2118 leuoia
313 2052 461 2118 ecclesias
484 2051 674 2132 Christianos
690 2051 804 2132 luisse,
835 2051 885 2132 qul
898 2051 1061 2114 bibliorum
1083 2045 1226 2140 versione
1248 2050 1380 2144 Syriaca

192 2155 361 2218 cereolos
404 2154 519 2240 Quibus
536 2156 566 2216 lu
584 2153 709 2214 urbibus
729 2153 836 2231 lingua
856 2149 976 2216 Graeca
998 2152 1127 2242 uiguit„
1139 2153 1378 2246 bipliadlraece

193 2253 376 2334 legebantur
407 2259 507 2352 ne'que
535 2253 700 2317 reiicieoda
727 2270 855 2334 prorsus
883 2255 1005 2319 ridetur
1033 2255 1156 2318 traditio
1184 2251 1284 2352 sopra·
1300 2276 1382 2339 pro·

194 2353 275 2436 lata,
307 2357 346 2448 ad
373 2354 545 2438 prraeml.
559 2373 663 2438 ,usque
691 2357 829 2438 tempora
852 2355 900 2418 V.
928 2357 970 2420 Τ.
991 2357 1143 2424 Hebralce
1173 2357 1284 2422 lectum
1308 2379 1381 2422 esse

194 2456 345 2524 Edessae.
393 2456 489 2520 Erant
517 2456 610 2533 enlm,
637 2457 772 2521 fortasse
806 2457 941 2521 Edessae
966 2460 1156 2546 interpretes
1186 2479 1242 2536 exp
1258 2443 1381 2526 ludaeis
1493 2472 1494 2498 ¹

196 2558 331 2639 oriundi,
369 2559 429 2642 qui.
451 2560 481 2622 ln
510 2557 671 2639 Syriacam
702 2560 841 2638 linguam
878 2562 1043 2656 mausierre
1071 2563 1227 2643 potuerint
1255 2567 1381 2646 perico-

194 2677 254 2739 pas
290 2660 470 2726 Hebraioas.
528 2658 689 2756 prraeml
727 2643 842 2734 demum
871 2663 1013 2744 tempore
1048 2665 1119 2728 data
1139 2685 1235 2748 pace
1276 2667 1383 2732 eccle-

197 2760 280 2842 siae,
317 2764 348 2828 iu
378 2762 497 2844 plebem
527 2763 631 2840 magis
653 2765 688 2836 et
715 2762 904 2828 suburbanos
932 2766 1081 2849 rlcosque
1098 2763 1129 2851 ⁸]
1158 2772 1249 2851 atque
1270 2771 1300 2832 lo
1322 2770 1383 2832 de-

198 2863 290 2928 serta,
305 2864 550 2946 Mesopotamiae
577 2863 653 2926 fides
681 2861 853 2928 Christiana
866 2866 1004 2940 ,invecta
1034 2871 1101 2944 est3
1131 2873 1222 2954 atque
1241 2851 1380 2952 prrae-

197 2981 263 3032 mus
292 2965 379 3048 ipse,
409 2965 590 3049 qui·liislbi
617 2965 760 3068 oriundus
787 2969 887 3047 erat,·
900 2971 995 3032 matre
1020 2974 1092 3035 nata
1113 2972 1142 3034 ln
1167 2973 1242 3036 urbe
1261 2973 1387 3056 Amida·

205 3129 409 3145 m
432 3137 434 3144 ι

307 3263 337 3332 1)
357 3263 425 3324 Quid
450 3264 483 3319 do
503 3263 651 3322 'l'baddaeo
668 3227 806 3340 inclinem,¹
820 3274 921 3326 neseio.
957 3272 1009 3328 Vix
1027 3235 1179 3344 spernenda
1195 3283 1236 3332 est
1252 3241 1386 3333 unanimis

202 3341 270 3397 liaeo
285 3344 413 3416 Syrorum
431 3354 458 3403 et
476 3341 661 3408 A'rmeniorum
687 3353 817 3420 traditio‚·
834 3356 910 3409 dicet
934 3356 1033 3412 sabulis
1058 3359 1205 3414 submersa.
1245 3359 1330 3416 Unum
1353 3379 1387 3418 ex

203 3425 278 3481 Lxx
294 3428 433 3501 discipulis
451 3433 479 3484 in
497 3430 721 3504 Mesopotamiam
741 3441 862 3506 venisse,
880 3456 934 3494 non
953 3442 1131 3511 improbabile
1156 3451 1205 3500 est
1240 3431 1388 3501 Eleazarus
1433 3469 1438 3478 ·

205 3507 343 3567 Galilaeae
367 3515 402 3569 ab
415 3513 539 3595 'losepbo
557 3521 663 3574 inflrito
677 3521 758 3576 luatis
776 3531 938 3579 memoratus
957 3523 1125 3582 (lbr'lsliauus
1142 3527 1237 3584 baberi
1265 3547 1320 3585 non
1336 3547 1386 3602 po-

203 3587 264 3650 tesl.
300 3595 340 3652 llo
365 3599 513 3656 Tbaddaeo
531 3597 670 3672 marradio,
701 3601 770 3677 qual
795 3611 892 3664 ceteris
910 3604 1200 3680 diliert‘simplioitate‚
1226 3615 1326 3686 legitur
1342 3631 1388 3687 ap.

203 3677 376 3737 Assemanum
395 3685 470 3740 Tom.
488 3685 533 3742 lv.
552 3705 579 3758 p.
599 3687 646 3743 lx.
666 3704 699 3743 ex
714 3679 874 3764 illenologio
890 3700 985 3751 sumta.
1020 3693 1062 3748 lbl
1079 3694 1112 3749 de
1127 3693 1271 3762 ⁸Thaddaei
1288 3707 1391 3771 marty-

206 3763 248 3816 rio
266 3765 305 3818 nil
321 3767 437 3837 legitur,
457 3771 505 3825 sed
523 3769 620 3828 dicitur
638 3775 685 3830 illo
702 3779 850 3844 sermore„
865 3785 1007 3850 postquam
1025 3777 1250 3850 Mesopotamium
1268 3782 1391 3840 docuerit

207 3849 234 3898 et
251 3862 301 3914 per
318 3849 456 3920 Qbaeum
476 3855 634 3926 discipulum
652 3863 732 3921 otiam
750 3863 910 3916 remotiores
929 3866 1058 3932 regiones
1078 3867 1251 3924 consecutio.
1338 3927 1339 3932 η

310 3946 341 4014 2)
358 3947 477 4010 Edessae
495 3957 636 4025 episeopus
649 3955 820 4012 Earsimaeus
836 3949 938 4028 mertp'r
951 3960 1036 4014 lactus
1046 3955 1060 4026 ,¹
1072 3977 1152 4032 quum
1165 3961 1264 4018 Lucius
1278 3965 1391 4022 Traiani

207 4025 467 4176 ffpatgsssgdessam
490 4037 577 4093 tracta
601 4027 652 4104 lide
676 4047 851 4112 expugnaret.
878 4041 987 4136 ‚Assem
1012 4043 1059 4099 lll.
1083 4053 1110 4102 2.
1127 4061 1189 4118 pag.
1208 4043 1315 4130 bondo.
1351 4043 1394 4120 El.

232 4127 259 4165 ιο
299 4153 307 4170 .
367 4125 437 4184 ‚aa
1137 4139 1140 4146 ·

312 4193 353 4284 3)Ι
368 4213 564 4280 Edessenorum
585 4220 720 4289 plerique
748 4217 891 4292 Ephraemi
921 4181 1042 4297 tenpore
1073 4229 1203 4286 idolatria
1220 4172 1395 4298 'nnoolmtm

211 4291 251 4347 ol.
271 4297 328 4351 eius
347 4293 427 4356 vitan
444 4303 515 4372 apud
532 4303 705 4360 Assemanum
723 4309 750 4359 et
766 4303 966 4375 bengerltium„
