2974 5012
1250 249 1293 320 23
1347 315 1355 330 .

97 421 190 484 citati
218 423 251 484 et
278 419 419 498 veritati,
454 434 542 499 quam
561 417 714 515 ¹rumruuul
738 417 873 496 gendum
895 421 1091 500 commercio,
1121 419 1209 487 arba
1228 441 1288 503 pe·

97 523 221 586 stiteris
254 520 434 605 blandisque
470 519 623 598 moribus,
671 519 755 582 uitae
792 521 922 612 denique
956 521 1098 600 languori
1127 526 1160 586 et
1186 522 1287 594 taedio

97 625 249 688 servierit
267 621 308 707 ¹).
524 704 526 716 Ι
682 643 717 714 '.
842 679 845 686 ,
962 689 974 714 .
1102 685 1105 692 ,

205 726 306 809 Quare
334 725 456 812 mullum
486 724 577 788 abest
608 723 639 782 ut
661 722 832 806 doleamus,
870 726 953 808 quod
980 743 1130 798 unacum
1158 729 1285 808 imperio

97 829 265 892 Persarum
293 829 399 907 lingua
428 835 551 908 queque
579 823 732 926 Arauraea
760 829 930 909 principatu
961 829 1069 890 orbata
1097 832 1162 909 est,
1198 847 1285 912 quem

2 948 4 971 ι
98 932 191 994 sutis·
214 930 264 990 diu
301 933 331 992 in
360 931 484 992 Oriente
512 928 702 1006 obtinuerat,
730 933 769 990 ut
795 930 942 1011 laetemur
968 932 1071 1012 potius
1102 930 1150 996 ob
1171 934 1284 994 invec-

98 1038 166 1093 taru
207 1033 238 1091 in
271 1030 376 1096 Asiam
418 1030 552 1108 linquam
594 1029 759 1110 Graecum,
796 1051 863 1118 quo
905 1035 1016 1096 rnatu·
1051 1036 1117 1113 cst,
1163 1037 1196 1098 ut
1226 1032 1283 1098 bac

99 1135 212 1210 lingna
239 1134 272 1194 et
291 1129 436 1212 Apostoli
463 1131 564 1192 divina
596 1132 718 1213 eloquia
740 1133 928 1220 scripsqriut.
973 1135 1105 1197 Primum
1123 1141 1222 1198 autem
1245 1137 1308 1198 de·

101 1235 335 1300 Seleucidnrum
363 1249 463 1310 reguo
492 1234 579 1295 uobis
609 1232 814 1298 disserendum
842 1239 892 1298 est
914 1239 946 1300 et
966 1236 1091 1314 linguae
1111 1225 1284 1301 Aremeeae
1365 1299 1370 1314 ,

99 1341 132 1401 iu
164 1339 216 1400 illo
250 1353 308 1398 usu
333 1339 371 1398 et
398 1336 482 1398 latis.
532 1333 725 1398 Arctioribun
754 1337 878 1416 primum
907 1337 1014 1399 linibus
1040 1332 1115 1412 iliud
1147 1340 1282 1400 coactum

100 1461 179 1504 mox
202 1442 362 1518 tantopere
387 1439 505 1508 auctum
529 1439 594 1517 est,
626 1439 659 1498 ut
680 1441 773 1501 totum
798 1439 865 1520 iere
887 1439 1048 1500 Persarum
1072 1456 1199 1516 reguum
1222 1436 1283 1504 illle

58 1540 65 1552 '
103 1543 258 1620 obtigisse
287 1541 438 1621 videatur.
488 1538 578 1602 Noua
599 1538 668 1600 inde
693 1539 748 1602 lux
771 1541 885 1619 Syriae
910 1541 998 1621 quast
1022 1539 1153 1618 abnuisti,
1187 1543 1281 1620 q'uare

100 1651 135 1708 ut
155 1647 254 1708 'autea
284 1641 505 1705 Chaldaeorum
534 1659 606 1702 aera
636 1643 756 1722 viguit,
794 1661 836 1706 ex
865 1643 919 1706 lllo
951 1646 1088 1722 tempera
1114 1643 1153 1706 nd
1181 1647 1281 1714 aeram

99 1745 335 1822 Seleucidarunr
361 1761 456 1836 annos
484 1744 650 1823 computari
678 1750 818 1828 coeptum
837 1741 880 1828 ²).
898 1766 904 1778 ·
925 1746 1036 1828 Utique
1065 1763 1145 1816 nova
1167 1745 1200 1806 et
1221 1743 1282 1804 alia

62 1897 64 1901 -
98 1869 199 1914 rerum
235 1847 362 1909 omnium
393 1846 488 1908 iorma
522 1847 690 1926 apparuit„
726 1845 910 1911 Occiderant
940 1849 972 1910 et
999 1847 1078 1908 humi
1107 1847 1282 1926 prostratae

98 1953 251 2030 lugebant
279 1947 494 2010 Ararnaeorum
531 1952 667 2010 veterum
703 1951 795 2012 sedes
824 1953 952 2029 regiae,
987 1967 1064 2030 quas
1091 1949 1282 2028 exceperunt
1318 1967 1325 1980 ·

99 2053 246 2130 Seleucia
279 2049 499 2114 et‘Autloobia
528 2050 647 2132 aliaque
675 2053 787 2132 oppida
813 2052 924 2130 multa,
962 2049 1090 2116 Graecis
1115 2048 1282 2110 nominibus

74 2153 136 2218 'et
162 2155 309 2232 insignita
338 2155 413 2214 eta
443 2151 571 2214 Graecis
602 2152 716 2214 colonia
744 2153 877 2220 condita.
921 2151 1017 2216 Simul
1046 2151 1148 2228 artes,
1184 2147 1280 2210 discl-

102 2259 204 2346 pliuae
232 2259 265 2318 et
286 2255 409 2318 litterae
428 2253 467 2316 ad
487 2251 678 2318 ,Graecorum
701 2269 832 2316 normam
855 2254 998 2318 excultae
1020 2255 1108 2326 sunt3
1139 2239 1280 2317 Graecu-

105 2375 169 2422 rum
185 2343 342 2436 'theatra,'
359 2355 439 2435 ludi,
470 2373 588 2434 meres,
615 2356 723 2434 lingua
746 2355 857 2436 ubique
880 2374 916 2418 se
938 2340 1188 2437 insinuaverunt.¹
1217 2351 1281 2418 llu-

102 2477 154 2526 rus
170 2460 328 2522 admodum
350 2451 492 2520 librarum
513 2475 587 2518 usus
606 2459 706 2520 luerat
723 2458 803 2538 apud
818 2457 990 2522 Orientales
1005 2459 1159 2540 antiquom
1179 2451 1283 2520 Onal-

102 2567 245 2628 dneurum
274 2563 351 2624 enlm
381 2562 440 2622 viri
468 2561 549 2632 docti
571 2563 604 2624 et
617 2547 785 2640 'sapientes
814 2560 875 2622 eris
897 2559 997 2638 mag'is
1018 2559 1179 2622 traditione
1198 2561 1283 2622 arten

107 2670 139 2730 et
167 2664 311 2728 scientias
343 2663 577 2744 propagabautr
613 2665 726 2724 tantum
753 2661 783 2722 lu
814 2661 970 2724 tabulariis
998 2661 1097 2738 regiis
1126 2659 1284 2740 bistorlnc,

106 2757 205 2831 series
232 2765 439 2845 dynastiarum
472 2769 504 2826 et
531 2763 668 2844 catalogi
697 2763 875 2844 populorum
898 2765 988 2826 brevi
1009 2761 1092 2841 style
1116 2775 1283 2842 compone-

106 2873 234 2942 brutum
271 2867 340 2928 iibri
373 2866 454 2932 sacri
483 2865 559 2926 solis
590 2865 794 2928 sacerdotum·
809 2865 945 2926 manibus
975 2863 1151 2942 terebantur
1179 2863 1284 2939 atque,

104 2975 132 3035 si
144 2975 184 3034 ia
207 2971 293 3054 iore,
322 2971 352 3030 in
373 2969 440 3030 vita
463 2969 626 3045 communi,
647 2968 687 3051 ‚in
712 2967 889 3028 commercio
911 2981 1019 3042 regum
1034 2958 1084 3043 ³),
1105 2959 1285 3040 populorum

107 3078 141 3138 et
177 3073 364 3153 privatorum
399 3069 546 3132 bominum
580 3068 768 3150 frequentior
797 3069 864 3134 erat
889 3064 1056 3132 littera’rum
1084 3079 1175 3142 usus,
1208 3059 1286 3122 bano

109 3177 205 3238 onnia
226 3191 285 3234 non
307 3174 335 3234 in
358 3190 443 3236 asum
466 3174 499 3236 ct
519 3172 686 3237 memoriam
708 3159 898 3251 posteritatis
917 3166 1069 3230 servanda
1093 3163 1287 3228 videbantur.

105 3280 213 3346 l'uisse
243 3276 364 3360 qnidam
388 3273 604 3343 Aramaeorum
631 3255 766 3359 scripta',
790 3271 871 3336 nullo
896 3271 986 3334 mode
1016 3268 1147 3334 dubitari
1178 3267 1285 3362 pqtnnt

112 3446 308 3464 Μ

102 3557 105 3562 ’
152 3577 160 3622 ,·
213 3566 244 3634 1)
264 3563 368 3620 Ctesias
387 3527 458 3616 libro
478 3558 647 3614 Persicorum
664 3558 710 3614 111.
729 3537 838 3622 scribit,
861 3571 951 3615 omues
972 3553 1093 3624 quidem,
1110 3553 1242 3622 quotquot
1258 3549 1287 3602 in

108 3653 172 3714 Asia
207 3652 362 3720 regnarunt,
393 3647 468 3700 luxui
502 3651 529 3699 ct
553 3643 736 3712 voluptatibus
763 3641 870 3698 deditos¹
892 3639 991 3700 luisse,
1026 3635 1073 3690 sed
1098 3649 1164 3704 prae
1190 3631 1286 3685 ceteris

3 3767 4 3778 ι
109 3737 220 3807 Niuyam
237 3733 322 3804 (apud
338 3730 434 3786 Athen.
450 3729 545 3798 lleipn.
565 3716 584 3783 l'.
601 3726 675 3796 xli).

208 3850 239 3918 2)
257 3847 354 3902 Acrem
373 3843 587 3908 Seleucidnrum‚
611 3841 692 3910 vulgo
712 3835 875 3892 Graecorum
893 3833 1005 3896 dictam,
1027 3811 1092 3902 ¹Syri
1109 3832 1189 3886 etiam
1209 3828 1285 3889 Chri:

111 3938 189 3988 atiani
211 3938 367 4005 sequuntur.
409 3929 504 3997 Incipit
530 3924 601 3981 d.·l.
620 3922 733 3980 m.·Oct.
751 3929 802 3980 312
821 3935 847 3974 a.
866 3917 928 3973 (lbr.
963 3914 1201 3972 Ablabometunis
1219 3918 1286 3970 anri-

105 4029 229 4106 cptoribna
253 4045 444 4104 nonuunquam
471 4003 640 4098 nuncupatur
659 3993 815 4130 υμῶκπ
824 4013 884 4119 ,ὦ
914 4013 984 4132 ἕῳ
969 3991 1042 4120 913
1063 4017 1165 4088 epocha
1193 4015 1274 4072 eorm

107 4139 183 4208 geri,
207 4153 260 4208 quo
280 4137 388 4188 nomine
407 4117 535 4186 alluditur
555 4128 589 4180 ad
606 4125 726 4180 Danielis
745 4125 883 4177 visionem.
1262 4117 1269 4124 “

211 4237 245 4300 3)
269 4233 391 4289 Nadmnn
403 4229 498 4300 ¹Syrus
523 4227 620 4282 litteris
644 4221 881 4304 commendabatur
905 4233 1005 4290 arem
1023 4233 1072 4284 rere
1090 4220 1150 4287 regi
1161 4197 1288 4278 ¹loretelli⁸

108 4319 136 4374 ld
157 4321 269 4389 primurn
288 4321 317 4372 iu
334 4316 431 4372 Bibliie
450 4314 599 4372 litterarum
617 4307 786 4378 Syrianarum
806 4305 958 4374 exemplum.
1041 4329 1044 4334 ¹
1322 4323 1327 4326 ·
