2974 5012
239 285 259 349 b

231 432 300 518 'tem
323 454 437 535 reiert,
467 449 617 534 Ἀρίμοος
639 448 770 526 intelligi
794 467 812 510 a
832 444 1007 527 quibusdam
1025 446 1143 525 Syros,
1167 463 1245 527 qrros
1265 465 1321 508 sun
1339 452 1423 508 torn-

242 577 316 640 pore
344 557 513 620 Aramaeos
548 573 575 614 s.
606 553 737 615 Aramos
767 551 903 610 dicerent
929 547 969 632 ¹).
1014 548 1096 609 ldcm
1118 549 1177 610 alio
1206 549 1274 610 loco
1297 549 1424 611 scribit:

241 656 316 734 τοῶς
344 653 406 742 γὰρ
434 653 485 740 ὑφ’
519 653 603 737 ἡμῶν
631 650 754 732 Σύρους
781 653 990 732 καλουμένους
1018 648 1070 714 dn'
1097 649 1198 714 αὐτῶν
1225 655 1286 714 τῶν
1307 648 1424 731 >litque

240 759 421 841 ’Λρμονίοος
447 763 498 823 καὶ
523 756 737 839 ’Λρομμαίοος
759 760 935 818 καλεῖσθαι.
984 755 1126 816 Romanis
1153 773 1228 816 vero
1252 773 1341 836 quurn
1364 757 1423 815 vix

244 863 382 926 auditum,
399 865 485 924 esset
508 860 725 924 Aramaeorum
749 875 875 936 nomen,
911 857 1025 918 Plinius
1049 877 1112 920 cnm
1130 857 1256 937 Scythis
1272 875 1327 918 cos
1342 875 1424 918 con-

243 967 330 1027 tudit.
374 963 514 1026 lnvaluit
542 964 617 1024 enim
646 961 757 1043 ubique
787 961 816 1020 in
831 959 1010 1022 'Occidente
1032 979 1138 1022 nomen
1160 962 1273 1040 Syriae
1297 963 1329 1022 et
1351 960 1423 1039 Sy-

243 1081 359 1147 rorum,
400 1067 438 1128 de
466 1065 551 1127 culus
579 1065 698 1142 origine
723 1063 768 1124 'nil
796 1063 909 1124 certius
932 1081 1003 1124 osse
1030 1067 1061 1123 et
1087 1064 1277 1144 exploratius
1302 1064 1424 1142 opinor,

244 1189 329 1252 quam
354 1167 435 1252 quod
458 1165 633 1228 Herodotus
655 1165 805 1244 Assyrios
828 1183 846 1224 a
868 1161 995 1225 Graccis
1018 1163 1132 1242 Syrios·
1152 1165 1325 1245 appellatus
1349 1184 1424 1226 esse

245 1272 351 1334 scribit
366 1263 410 1353 ²).
462 1269 570 1350 Neque
600 1269 660 1349 ipsi
688 1285 723 1328 sc
753 1267 827 1346 Syri
855 1264 944 1327 hodie
975 1263 1145 1327 Aramaoou
1175 1286 1287 1330 vocare
1310 1267 1425 1346 solent,

246 1391 340 1457 quare
365 1372 442 1433 idem
467 1372 527 1432 illis
554 1372 698 1433 evenisse
724 1368 863 1447 videtur,
894 1367 974 1449 quod
996 1371 1079 1430 recte
1105 1368 1142 1429 de
1164 1371 1298 1446 gentium
1321 1374 1423 1431 nomi-

245 1477 333 1537 nibus
363 1476 501 1536 statuunt
528 1473 659 1536 lacobus
688 1471 848 1534 Grimmius
880 1471 1006 1551 aliique,
1042 1489 1100 1531 non
1127 1473 1164 1534 ah
1189 1474 1338 1550 indigenis
1361 1473 1419 1532 sed

247 1579 285 1640 ab
309 1575 449 1636 hostibus
475 1576 659 1657 populisque
682 1576 821 1642 altioribus
842 1575 923 1634 diota
945 1591 1015 1633 esse
1036 1591 1140 1636 eorunm
1162 1576 1285 1655 plurima
1309 1573 1423 1654 paula-

248 1681 359 1760 tinnque
382 1678 410 1736 in
435 1695 518 1736 usunr
536 1679 661 1738 omnium
681 1677 825 1758 deinceps
842 1675 972 1756 prolata.
1015 1675 1063 1738 lta
1079 1683 1159 1739 terra
1176 1677 1298 1739 lsraelis
1322 1675 1425 1754 vulgo
1472 1737 1473 1760 ,

248 1778 579 1858 palaestinensem,
613 1799 631 1840 o
660 1777 787 1842 Graecis
818 1778 887 1840 olim
917 1779 963 1840 sic
992 1785 1183 1861 nuncupata,
1216 1781 1265 1860 qui
1290 1777 1426 1839 ludaeos
1472 1805 1473 1828 r

151 1875 153 1879 ⁸
248 1903 313 1945 cum
329 1872 503 1967 philistaeis
528 1883 764 1959 contundebant,
788 1891 885 1962 neque
909 1881 998 1944 aliter
1021 1885 1072 1964 qui
1098 1903 1131 1944 se
1155 1886 1240 1964 ipsos
1264 1883 1425 1944 israelitas

245 1990 281 2050 ,et
309 1985 440 2046 ludaeos
469 1983 683 2064 appellabant,
720 1986 758 2047 ab
779 1979 906 2046 ‘exteris
930 1985 1063 2048 Hebraei
1088 1988 1159 2049 dicti
1181 1985 1252 2048 saint
1271 1969 1425 2066 hodieque

247 2079 393 2150 dicuntur.

348 2190 442 2250 Pater
472 2189 571 2248 autem
601 2187 767 2266 Syrorum,
805 2187 918 2266 Aram,
945 2191 1080 2278 primum
1113 2189 1270 2253 habitasse
1300 2193 1425 2254 videtur

248 2293 277 2353 iri
301 2291 432 2368 regione
461 2301 538 2378 unp,
570 2307 658 2370 quam
689 2289 738 2350 alii
765 2289 849 2370 Cyro
870 2286 962 2354 fluvio
992 2294 1197 2372 adiacentem,
1225 2294 1274 2354 alii
1303 2299 1425 2374 partem

249 2391 371 2455 Mediae
398 2391 510 2455 habent
532 2389 575 2475 ³]-
627 2391 757 2468 heg·itrrr
788 2392 861 2454 onim
893 2391 972 2474 apud
1002 2394 1147 2456 Arrrosun
1174 2396 1350 2477 prophetam
1378 2395 1426 2474 [o.
1472 2429 1473 2446 r

248 2495 311 2577 lX,
342 2493 399 2580 7);
436 2508 534 2557 nonne
565 2495 658 2556 eduxi
686 2493 828 2556 lsraelem
855 2515 896 2558 ex
930 2496 1082 2579 Aegypto
1112 2505 1144 2561 et
1175 2500 1264 2560 Aram
1296 2515 1313 2558 e
1344 2495 1427 2559 nort

250 2597 381 2660 liandcm
405 2601 434 2660 in
457 2601 567 2659 terram
591 2595 772 2659 Damasceni
795 2603 905 2678 postea
928 2601 965 2660 ab
987 2603 1127 2680 Assyriis
1148 2601 1176 2661 in
1200 2600 1339 2661 exsilium
1364 2601 1426 2662 ab·

251 2699 332 2764 ducti
349 2705 429 2763 sunt.
473 2701 601 2762 Primum
617 2701 711 2778 igitur
732 2706 849 2763 terrant
863 2701 917 2763 llir
939 2704 1133 2783 obsidentes,
1157 2703 1264 2765 deinde
1279 2704 1354 2765 allas
1368 2723 1427 2766 re-

250 2803 360 2882 giones
384 2803 512 2883 petiisse
532 2801 702 2864 Aramaeos
724 2803 875 2884 propheta
899 2807 1009 2883 innuit,
1042 2799 1139 2887 neque
1163 2825 1181 2868 a
1207 2823 1282 2870 nero
1304 2807 1428 2869 multum

249 2905 392 2966 aberrare
425 2905 512 2966 nobis
540 2903 692 2985 videmur,
724 2907 750 2966 si
778 2909 809 2994 in
833 2907 1056 2988 Mesopotamia
1084 2910 1222 2970 stabilem
1245 2929 1300 2972 eos
1320 2913 1428 2973 sedem

250 3008 423 3069 collocasse
454 3011 633 3070 statuamus
687 3009 744 3070 nst
765 3014 863 3072 antem
887 3011 1128 3092 Mesopotamiae
1151 3031 1222 3094 pars
1248 3033 1305 3074 una
1331 3016 1428 3095 culta,
1472 3023 1473 3056 ³

251 3128 330 3189 quae
358 3109 521 3170 Armeniae
552 3109 702 3170 montibus
730 3115 884 3192 proiacet,
916 3114 992 3175 felix
1016 3117 1093 3178 satis
1117 3119 1149 3176 ut
1172 3118 1285 3179 Strabo
1308 3117 1432 3196 scribit,

158 3253 160 3256 -
250 3213 372 3292 pascuis
405 3213 436 3272 ct
466 3211 651 3287 germinibus
687 3213 785 3288 laeta3
830 3216 927 3277 altera
954 3219 1104 3278 meridiem
1136 3235 1246 3276 versus
1279 3219 1362 3276 arida
1394 3227 1432 3284 et
1472 3241 1473 3250 ¹

250 3313 375 3375 sterilis.
424 3311 589 3395 Utriusque
618 3317 755 3392 regionis
781 3317 967 3398 praeclaram
993 3317 1223 3395 descriptionem
1253 3315 1431 3398 Xenophon

250 3414 379 3495 praehet
394 3413 424 3473 in
438 3413 516 3476 libro
536 3417 633 3496 primo
650 3417 850 3498 Anabasoos,
877 3420 971 3500 quiin
987 3420 1084 3480 tractu
1101 3415 1152 3476 illo
1172 3417 1431 3504 Mesopotamiae,

133 3546 139 3555 ,
250 3535 308 3598 per
336 3533 423 3598 quern
457 3513 558 3594 Cyrus
589 3519 744 3600 Euphrate
772 3540 870 3601 prope
895 3521 1087 3599 Thapsacum
1117 3520 1246 3582 traiecto
1270 3530 1430 3602 usquead

250 3612 388 3683 Araxem
418 3633 531 3681 amnem
560 3623 619 3684 iter
646 3623 772 3699 iecerit,
803 3623 888 3682 uicos
911 3621 1083 3702 complures
1109 3623 1203 3684 inisse
1228 3631 1331 3687 narrat
1356 3628 1429 3686 ira-

175 3727 178 3740 ·
250 3721 349 3782 mento
381 3719 513 3802 vinoque
543 3725 768 3789 refertissimos.
821 3722 906 3785 liano
927 3724 1084 3800 regionem
1109 3724 1279 3808 Xenophon
1303 3729 1430 3806 Syriam

249 3873 327 3882 --.-
336 3876 459 3886 ..φ-...-

355 3974 383 4040 r)
411 3969 451 4030 er.
471 3945 602 4058 naeniae,
628 3965 737 4044 rnaneg.
757 3974 798 4028 en.
816 3973 861 4028 nr.
889 3973 974 4046 nuga,
992 3977 1022 4034 a.
1042 3995 1067 4050 p.
1086 3985 1128 4038 75.
1201 4001 1205 4006 ·

352 4074 383 4142 2)
407 4071 470 4128 Her.
490 4062 553 4140 Vll,
576 4079 618 4130 63.
643 4063 720 4126 οὗτοι
738 4069 766 4124 ‹la'
780 4067 834 4126 dui
852 4074 904 4142 μὲν
918 4071 1056 4154 Ἑλλήνων
1073 4077 1219 4132 ἐκαλέοντο
1237 4075 1348 4150 Σῦριοι.
1372 4082 1427 4136 dau*

141 4147 142 4150 Ἴ
248 4151 277 4206 δὲ
302 4153 359 4210 τῶν
383 4157 533 4231 βαρβάρων
554 4153 693 4227 Ἀοοῦριοι
710 4153 877 4224 ἔκλῆθηοαν.
913 4159 1257 4220 cummuniter.
1286 4165 1426 4222 Hoffmann

250 4233 295 4296 Gr.
316 4239 376 4311 Syr.
397 4241 522 4326 l’uolegg.
541 4256 602 4309 pag.
621 4248 647 4296 2.
667 4245 693 4294 et
711 4257 779 4312 quae
797 4242 870 4296 inira
888 4241 1017 4300 dicentur.

351 4340 383 4407 3)
410 4340 449 4396 Gi.
472 4336 567 4396 Geacn.
585 4342 614 4394 in
631 4338 682 4396 les.
703 4341 737 4398 od
756 4358 778 4399 c.
797 4341 887 4408 XXII,
907 4348 932 4400 6.

747 4429 757 4468 r
