3014 5008
1225 275 1288 342 latr

97 458 146 518 tur
162 449 205 537 ¹).
248 447 328 513 Peal
356 451 389 512 et
419 445 494 509 P'ael
526 447 554 508 in
582 445 705 528 verbis,
736 448 807 510 item
838 445 868 507 lo
890 446 1072 530 nominihus,
1102 449 1287 538 prooemial-

97 559 174 637 bus,
210 551 369 637 particulis
398 553 460 614 ctc.
490 549 696 630 pronuntiatio
724 550 833 612 fortior
863 551 916 611 aut
943 549 1062 629 levior,
1094 549 1205 613 elatior
1235 553 1288 614 aut

99 659 239 722 obtusior
265 673 307 718 ex
336 653 455 715 ratione
486 656 521 714 ut
548 650 768 733 simplicissima
795 651 838 712 ita
868 652 1038 714 rectissima
1062 650 1290 730 distinguuntur.

100 761 188 823 varia
218 757 321 840 puncti
352 754 499 817 diceriticl
531 739 685 834 positione
699 745 742 834 ²).
785 751 1021 832 Graormaticae,
1048 752 1288 835 orthographiae

100 866 133 926 et
166 863 289 924 criticos
316 857 417 922 studia
448 852 506 918 hac
534 857 563 916 in
591 874 625 916 re
657 856 816 917 coniuncta
844 859 939 916 erant.
989 855 1084 918 lirant
1111 857 1201 918 etlam
1228 857 1287 916 viri

100 965 202 1042 «loeti,
234 961 284 1044 qui
312 958 430 1020 inlices
462 959 663 1018 contexerent
690 956 906 1018 vocabulorum
936 957 1073 1020 similium
1099 975 1154 1019 scu
1176 957 1287 1040 aequi-

101 1043 265 1140 uocorum,
297 1077 376 1140 quac
404 1059 509 1120 ilsrlem
541 1058 776 1121 consonantibus
797 1060 913 1140 scripta
940 1060 1096 1122 vocalibus
1120 1061 1289 1122 tantum'ct

100 1167 203 1246 signis
234 1162 395 1224 liacrltlcis
421 1161 641 1222 discernuntur.
690 1159 844 1223 lliirsmorli
875 1161 979 1222 librum
1003 1161 1167 1241 scripsisse
1191 1153 1288 1222 ie'rtur

100 1265 252 1347 Iosephus
282 1263 410 1340 lluaita,
439 1262 564 1326 scholae
589 1261 754 1340 Nisibeoae
776 1267 879 1326 rector
901 1265 982 1326 circa
1006 1282 1033 1324 a.
1052 1251 1128 1326 580.
1172 1263 1287 1326 Eodem

100 1368 190 1431 modo
208 1363 371 1426 hludochns
396 1365 466 1427 sire
482 1365 641 1427 hurdoxlus
663 1364 827 1444 presbyter
839 1365 1041 1429 Melitiueusis
1063 1365 1188 1445 scripsit
1210 1383 1288 1444 opus

102 1469 185 1551 quod
226 1467 415 1528 inscribitur:
460 1467 615 1529 distinctio
660 1483 768 1526 vocum
808 1470 961 1550 scriptura
997 1467 1151 1546 similium,
1194 1485 1297 1550 seusu
1360 1531 1365 1542 ⁸
1444 1441 1451 1458 ’

10 1558 14 1564 ’
104 1569 320 1660 ‹litlereutipm-,
348 1585 425 1650 quae
451 1587 507 1650 per
529 1569 641 1650 puncta
666 1566 843 1632 distinctiva
865 1574 1030 1634 noscuntur
1053 1572 1086 1630 et
1107 1568 1287 1630 discernun-

104 1679 165 1738 tur.
215 1671 251 1734 Si
281 1689 360 1752 quae
389 1670 496 1733 relicta
527 1670 619 1731 luerit
649 1670 819 1750 scripturae
850 1675 1050 1752 ambiguitas,
1085 1670 1289 1732 subveniebat

104 1775 237 1841 traditio.
253 1772 338 1836 firma
356 1776 402 1836 ‘et
431 1771 511 1852 lixa,
549 1789 635 1852 quun
665 1771 733 1834 libri
762 1773 801 1835 N.
825 1775 865 1836 Τ.
894 1776 923 1836 in
952 1773 1092 1838 ecclesiis
1113 1772 1288 1854 scholisque

103 1879 227 1942 assidue
256 1876 473 1937 tractarentur.
523 1871 645 1934 Omnem
677 1876 753 1936 euim
783 1895 907 1958 operam
937 1875 1160 1958 impenderunt,
1193 1877 1226 1937 ut
1249 1873 1288 1936 arl

103 1999 235 2044 normam
262 1965 420 2057 probatam
453 1977 485 2036 et
510 1974 649 2052 regulam
673 1980 822 2060 antiquam
846 1982 952 2040 textus
974 1977 1095 2058 publice
1117 1975 1288 2053 legeretur,

107 2083 193 2146 cuius
222 2079 391 2140 sententiae
416 2076 565 2156 singulae
589 2078 715 2158 ipsaque
743 2080 841 2156 ¹verba
867 2081 895 2140 ln
922 2078 1036 2142 scholis
1064 2077 1289 2140 accuratissime

105 2181 341 2265 explicabantur
355 2175 396 2262 ³).
441 2179 515 2240 llum
533 2178 670 2241 adfinem
687 2181 914 2261 adscripserunt
926 2199 1134 2262 nonuunquam
1149 2175 1287 2254 theologi

104 2287 188 2350 rlocti
210 2283 312 2345 textui
331 2301 439 2361 sacro,
462 2281 591 2342 mraxime
607 2281 645 2344 V.
658 2282 697 2344 Τ.
712 2283 856 2363 glossas,
880 2283 989 2366 quibus
1003 2300 1099 2346 uoces
1113 2282 1206 2343 miuus
1220 2281 1288 2342 usi-

106 2392 190 2453 tatas
219 2367 373 2468 conssueli
400 2383 564 2446 redderent
593 2386 625 2446 ct
650 2389 842 2465 exponerent
857 2379 906 2466 Ἲς
939 2387 1055 2448 omniuo
1081 2384 1288 2447 tractabantur

105 2490 205 2556 Biblia
234 2485 427 2548 amooachis
451 2487 484 2546 et
503 2467 581 2547 uiris
602 2485 746 2548 litteratis
767 2505 879 2548 summo
902 2503 1023 2568 semper
1043 2487 1160 2564 stolio,
1189 2486 1231 2547 ita
1256 2486 1288 2547 ut

106 2597 166 2656 tam
195 2591 309 2653 usitata
337 2591 370 2650 et
398 2573 512 2649 crebra.
532 2589 629 2648 luisse
660 2588 801 2650 videatur
830 2587 992 2649 llibliorom
1021 2588 1101 2672 ppurl
1129 2587 1229 2667 Syros
1258 2587 1288 2646 iu

105 2712 163 2754 osu
191 2696 223 2753 et
249 2709 304 2753 ore
337 2691 475 2752 omniom-
488 2691 646 2770 recitatio,
685 2691 781 2773 qualis
808 2693 863 2752 vix
890 2693 1014 2772 reperta
1035 2691 1075 2754 sit
1096 2690 1182 2752 aliam
1207 2687 1289 2768 apud

106 2798 242 2874 gentem.
293 2792 425 2870 Singula
462 2792 618 2872 quaelibet
654 2795 801 2874 pericopa
829 2794 1066 2872 commentariis,
1099 2779 1288 2867 tractatibus,
1331 2787 1336 2793 “

107 2897 237 2961 homiliis
260 2897 292 2978 et
313 2893 491 2957 carminibus
512 2896 657 2975 exposita
681 2899 730 2956 est
753 2895 850 2975 deque
867 2896 991 2955 minimis
1014 2894 1105 2954 rebus
1128 2891 1289 2972 quaestio-

107 3020 164 3063 nes
187 2998 401 3061 subtilissimae
420 3000 579 3076 promotae
602 2999 681 3057 suut.
726 2995 799 3056 lmlc
821 2977 974 3078 sequitur,
997 2997 1031 3056 ut
1052 2992 1175 3054 similem
1191 3010 1288 3053 rerum

108 3102 308 3166 conditionem
335 3099 415 3178 apud
443 3097 544 3177 Syros
574 3099 670 3160 tuisse
697 3099 882 3176 statuamus,
920 3097 1018 3178 qualis
1048 3094 1129 3176 apul
1158 3095 1289 3157 ludaeos

108 3203 225 3276 ualuit3
248 3203 417 3283 scripturae
439 3199 623 3278 ambiguitas
644 3217 770 3282 prorsus
789 3200 931 3282 suppleta
955 3203 1005 3263 est
1023 3197 1162 3281 publicae
1176 3198 1289 3262 lectio-

214 3469 245 3538 1)
278 3469 317 3523 Gi.
351 3470 378 3521 in
407 3467 557 3523 Blanchinii
583 3469 799 3544 Euangelistario
834 3465 1002 3542 buodruplici
1027 3469 1061 3526 T.
1084 3469 1117 3524 ll.
1144 3467 1290 3537 exemplum

107 3553 267 3622 scripturae.

212 3651 244 3720 2)
263 3648 375 3704 Praetor
392 3649 549 3720 llupieldum
569 3658 595 3706 et
612 3639 755 3724 Eualdbm‘
767 3653 801 3708 oi.
815 3651 964 3716 lsenbiehl‚
982 3641 1208 3718 heobaoht'uugcn
1225 3647 1292 3700 tiber

109 3733 161 3788 dem
187 3731 328 3788 Gebrauch
353 3735 400 3788 rlcs
425 3753 479 3807 syr.
498 3754 529 3806 p.
556 3737 578 3790 ἀ.
600 3737 645 3790 bei
658 3735 716 3791 'den
734 3736 839 3791 Verbis.
876 3732 996 3803 Gottiag.
1013 3739 1089 3789 1773.
1124 3730 1292 3800 (Schultous)

68 3846 74 3852 ·
108 3818 208 3874 lostitt.
231 3818 322 3876 Aram.
349 3835 412 3891 pag.
436 3828 478 3879 28.
503 3829 546 3881 29.
584 3820 710 3874 Punctum
734 3820 898 3884 diamiticuur
916 3817 977 3872 uide
996 3834 1036 3876 ex.
1057 3832 1080 3870 c.
1099 3805 1245 3872 adhibitum
1263 3819 1292 3872 iu

110 3918 171 3972 epp.
190 3895 340 3973 lghatianis
359 3920 376 3958 a
394 3905 529 3960 Coretomo
548 3906 636 3960 editis.

212 4001 245 4069 3)
264 4001 305 4059 cr.
324 3985 427 4070 scholia
446 4002 590 4073 Ephraemi
608 4010 635 4059 et
651 4003 744 4059 lacobi
761 3986 901 4058 Edessemi.
957 3979 964 3995 “

213 4101 248 4167 4)
268 4095 406 4174 hecdigcr
429 4103 462 4170 de
485 4103 568 4158 Arab.
592 4103 722 4159 librorum
744 4103 776 4159 V.
802 4101 835 4156 T.
860 4100 1050 4184 historicorum
1069 4102 1291 4170 interpretatione

107 4197 173 4252 pag.
196 4186 241 4242 43.
268 4192 312 4245 80.
348 4187 394 4242 Sic
416 4187 567 4242 hnarricsus
585 4187 643 4244 -bur
672 4186 850 4251 Saruschvai‚
883 4189 1025 4256 opiscopus
1049 4184 1157 4248 hirtae,
1184 4184 1293 4252 scripsit

95 4272 283 4338 Ιιιιιιιιιιὶοιιιιι
308 4274 336 4326 lu
358 4278 457 4327 textum
475 4271 630 4342 Scripturas
655 4279 682 4328 et
706 4273 907 4328 vocabularium
932 4287 990 4326 cum
1014 4265 1290 4337 interpretationibus.

108 4348 205 4408 (lesen.
225 4354 258 4409 rle
276 4354 418 4410 Bar-Alio
439 4362 490 4413 otc.
508 4372 570 4428 pag.
589 4361 614 4412 9.
1054 4357 1059 4366 '
