2998 5002
1165 285 1296 380 ‘reo

117 469 185 550 ptii.
227 468 294 532 Hos
321 469 351 530 in
382 473 461 534 ueto
484 471 595 536 chorus
624 471 754 556 partitus
784 479 850 557 est,
881 479 915 538 ut
944 479 1087 544 alacriter
1113 486 1146 548 et
1175 487 1297 550 assidue
1367 477 1371 489 ‘

117 575 262 636 canerent
282 575 315 636 ct
336 573 518 653 psallerent
524 577 593 638 Deo
616 577 732 642 laudes.
772 579 855 642 ldem
878 579 1072 664 Alexander,
1102 604 1191 668 quum
1211 587 1298 650 Tro

117 676 246 757 phimum·
272 679 302 738 ei
332 680 479 742 coenobio
510 679 730 761 pmciecisset,'
769 683 911 763 Palmyra
940 687 1032 766 atque
1058 685 1221 752 Antiochia
1246 691 1298 752 lu·'
1367 719 1370 728 ’

116 783 223 840 stratis
249 779 540 862 Constantinopolim
570 800 604 843 se
627 784 744 863 recepit
766 784 865 865 ibique
888 789 1068 850 munasterio
1088 791 1218 852 iterum
1219 811 1294 855 con-

77 954 80 958 ,
116 883 179 944 dito
201 901 218 942 ι
241 884 337 944 tribus
359 886 529 948 nationibus
548 884 828 965 clegitilomanus‚
857 887 1011 965 Graecos,
1036 887 1153 971 Syrus,
1174 907 1296 958 numere

115 987 273 1048 trecentos
283 987 472 1068 monachos,
496 988 546 1069 qui
568 989 598 1047 in
621 1003 681 1048 sex
701 986 810 1050 choros
829 989 980 1052 distributi
1003 991 1151 1054 assiduam
1165 994 1296 1074 byurnu·

113 1087 193 1148 diam
216 1087 344 1151 obirent.

605 1205 806 1216 ——no——a-

627 1397 716 1465 Cri.
740 1399 791 1468 IV.

108 1613 110 1618 ,
160 1544 310 1612 Τιἰιιιι
336 1545 450 1610 sacri
475 1537 603 1610 forma
623 1546 665 1610 in
690 1545 1063 1616 codicibnsvariis
1088 1553 1255 1622 unanime

272 1647 276 1655 ’
397 1729 401 1736 ,
535 1660 880 1728 Nestorianorum.

219 1815 261 1878 Ut
281 1816 310 1874 in
332 1813 464 1878 ecclesia
485 1815 618 1878 Romana
640 1821 747 1880 textus
765 1819 917 1880 versionis
931 1819 1082 1898 vulgatae
1096 1842 1151 1902 pro
1166 1783 1295 1889 antlrer'r-

115 1919 176 1980 tica
199 1911 359 2014 Scriptura
380 1917 501 1980 babitus
526 1922 591 1998 est,
618 1919 688 1981 item
711 1920 790 2012 apud
814 1920 1014 1984 Nesturlanus
1039 1926 1143 1987 versio
1165 1926 1295 2006 Syriaca

114 2018 255 2099 Simplex
275 2009 326 2082 V
356 2023 389 2081 et
402 2021 451 2081 ..N
474 2021 513 2081 T.
536 2021 745 2092 auctoritatem
765 2025 855 2083 nacla
878 2026 927 2084 est
948 2025 1099 2099 genuinae
1123 2011 1155 2089 et
1176 2029 1294 2092 indubi-

111 2124 199 2184 tatae
228 2123 419 2204 Scripturae.
468 2121 573 2204 Atque
602 2142 660 2204 quo
688 2125 788 2202 magis
817 2101 1086 2186 Nestorianur‘um
1093 2119 1232 2192 haeresis
1255 2133 1294 2195 ab

115 2223 247 2285 ecclesia
277 2224 457 2287 occidentali
488 2225 762 2307 abscissaprcprii
785 2227 941 2304 regiminis
964 2227 1060 2290 iorma
1080 2229 1213 2294 stabilita
1235 2239 1295 2316 est,
1379 2261 1381 2268 ¹

112 2324 300 2409 inbibitoquc
331 2326 478 2406 Syrorum
509 2339 582 2388 cum'
598 2325 724 2390 Graecia
751 2329 927 2390 commercio
959 2331 1145 2394 consuetudo
1170 2334 1294 2413 linguae

114 2427 253 2491 Graecae
294 2430 472 2492 abolescere
510 2429 639 2508 eoepit„
670 2447 707 2492 eu
744 2431 844 2506 magis
873 2432 988 2491 versic
1010 2431 1139 2511 Syriaca
1166 2439 1294 2519 proprio

113 2529 215 2592 ltlarte
235 2531 315 2612 apud
336 2531 537 2593 Nestoriauos
559 2531 704 2593 constitit.
747 2531 853 2612 Neque
875 2532 951 2592 enim
975 2534 1005 2592 in
1027 2532 1153 2597 historia
1177 2534 1294 2602 Nesto-

112 2632 262 2694 rianorum
289 2633 370 2716 quod
401 2634 492 2695 sciam
523 2637 706 2715 compertum
737 2638 800 2708 est,
833 2651 956 2715 operum
982 2631 1106 2697 dedisse
1126 2639 1213 2701 viros
1234 2621 1311 2703 ιιι(

114 2736 198 2814 ctus,
226 2737 261 2797 ut
290 2738 407 2799 textum
429 2735 587 2815 Syriacum
617 2737 655 2802 N
675 2737 715 2824 T
745 2755 809 2800 ouum
829 2735 948 2798 Graece
971 2735 1143 2801 conlerrent
1163 2737 1214 2803 ct
1218 2761 1294 2804 ccu-

111 2836 294 2910 formarent,
319 2854 419 2918 neque
451 2838 528 2899 aliae
549 2857 679 2920 unquam
699 2839 860 2900 versiones
883 2837 964 2918 apud
988 2833 1188 2902 Nestorianus
1209 2861 1294 2904 com-

110 2956 227 3000 munem
262 2940 292 2999 in
322 2959 407 3000 usum
439 2943 584 3020 receptae
615 2938 686 3002 sunt
712 2957 812 3020 neque
841 2939 958 3000 omnino
988 2940 1152 3012 dnb'tatum
1183 2945 1232 3004 est
1256 2943 1295 3004 de

110 3043 219 3103 textus
239 3041 359 3120 recepti
379 3041 593 3120 probatissima
613 3041 717 3103 forma.
759 3038 871 3100 Versiu
894 3039 1034 3122 Simplex
1058 3043 1195 3120 maximis
1215 3045 1293 3134 effe-

106 3143 238 3204 rebatur
259 3132 418 3216 laudibns3
437 3141 606 3204 labebatur
629 3159 666 3204 ea
687 3142 755 3222 ipsa
778 3136 857 3224 qu'uae
877 3143 981 3222 primis
1007 3145 1192 3225 temporibus
1212 3165 1292 3228 apo

111 3243 222 3336 'stolica
247 3245 428 3308 auctoritate
459 3245 575 3324 scripta
595 3244 653 3316 sit3
678 3244 847 3306 vocabatur
868 3261 927 3306 uun
949 3244 1043 3306 solum
1066 3248 1206 3329 antiqua,
1235 3233 1293 3312 sed

113 3347 202 3410 s'acra
231 3349 264 3409 et
293 3347 394 3408 beata.
427 3345 555 3429 Quodsi
579 3362 655 3406 vero
676 3345 765 3408 dubia
786 3346 867 3409 nulla
887 3333 1085 3410 movebaniur
1107 3347 1144 3410 de
1167 3351 1292 3412 versio-

112 3451 160 3510 nis
188 3449 341 3510 authentia
370 3448 688 3530 interpretationisque
717 3451 848 3511 veritate
876 3453 909 3511 et
936 3443 1148 3530 integritate,
1163 3449 1293 3530 euplus

111 3552 325 3614 conferebatur
350 3549 441 3612 studii
469 3554 502 3612 ct
528 3569 641 3632 operae
665 3553 694 3612 in
716 3553 832 3614 textum
851 3551 1007 3618 ¹versionis
1025 3550 1063 3610 ab
1083 3549 1160 3610 omni
1182 3551 1294 3610 erroris

113 3656 147 3716 et
180 3655 342 3717 varietatis
378 3654 448 3718 labe
479 3671 583 3738 purum
615 3655 647 3712 et
677 3653 830 3738 immunem
863 3650 1114 3713 conservandum.
1159 3649 1294 3714 Vidimus

114 3774 227 3836 supra,
258 3757 379 3820 codices
403 3754 627 3836 antiquissimos
645 3753 838 3814 ·iere·ornnes
859 3751 926 3814 sula
945 3751 1120 3836 Evangelia
1139 3750 1293 3816 exhibere.

113 3856 209 3938 idque
241 3875 282 3919 ex
300 3857 427 3922 historia
451 3859 519 3938 ipsa
542 3855 578 3916 ut
598 3854 714 3916 omnino
735 3852 886 3915 ccclesiae
911 3855 1073 3938 antiquae,
1101 3854 1144 3916 ita
1163 3856 1293 3919 maxime

113 3958 363 4022 Nestorianurum
395 3959 562 4042 probatur,
599 3955 773 4035 livangelia
803 3957 902 4034 magis
927 3957 960 4038 in
997 3975 1054 4016 usu
1083 3957 1179 4018 fuisse
1206 3975 1293 4038 quam
1414 4001 1422 4012 .

112 4060 270 4142 Epistolas
298 4062 457 4142 stlocum
490 4062 613 4142 primunr
644 4059 810 4122 obtinuisse
840 4060 869 4120 in
900 4058 1110 4130 ecclesIastlcu
1140 4059 1200 4119 ritu
1224 4075 1293 4118 om-

111 4163 251 4248 niumque
282 4167 490 4228 veneratione.
533 4162 755 4226 scribebantur·
780 4160 953 4238 Evangelia
983 4163 1013 4222 ln
1040 4177 1128 4220 unum
1151 4155 1293 4218 volumen

111 4284 225 4329 summa
254 4284 326 4336 cara
355 4269 388 4328 et
415 4267 491 4348 ide,
531 4266 696 4346 praecipue
725 4279 803 4344 quae
825 4263 892 4326 usui
913 4263 1109 4328 ecelesiarum
1134 4261 1166 4320 et
1182 4277 1293 4322 mona-

111 4355 271 4430 steribrum
294 4367 445 4432 destinata
467 4369 563 4431 crant.
602 4362 637 4426 ln
662 4366 816 4428 codicibus
839 4367 910 4428 ante
932 4379 1039 4428 annum
1056 4359 1168 4425 Christi
1184 4362 1294 4424 ‘ceun-
