3006 5004
137 329 140 336 ·
234 289 300 380 ιιι

233 460 381 541 lacobus,
404 477 505 542 prope
526 458 717 526 Antiochiam
741 463 846 542 natus,
876 463 986 544 postea
1008 459 1226 540 Alexandriam
1247 459 1422 542 proiectus,

235 565 383 630 Graecam
402 549 544 642 'linguam
573 581 708 646 apocro
741 563 907 644 diligenter
933 564 1081 628 didicerat
1097 561 1136 646 ¹).
1179 563 1254 624 liuor
1276 563 1421 644 lldcssae

233 669 411 750 episcopum
450 666 661 746 constitutum,
679 729 682 734 ,
697 685 786 728 mox·
804 669 903 730 muron
930 669 1059 750 propter
1083 666 1260 749 disciplinae
1290 667 1419 728 seueri-

232 773 324 842 tatem
337 839 342 846 ,
356 767 556 846 exagbatum
591 767 727 830 monachi
760 770 942 860 llusebonac
978 771 1184 852 exceperunt,
1221 769 1302 848 apud
1338 787 1418 851 quos

230 889 288 954 per
315 869 451 932 undecim
480 888 576 932 annos
604 871 746 940 Psalmos
774 875 807 936 et
827 873 1054 956 seripturarum
1080 871 1241 954 lectionem
1266 869 1417 934 Graecam

231 973 334 1036 docuit
361 970 568 1055 Graecumque
597 992 765 1038 sermonem
794 976 860 1037 iero
890 975 1045 1038 exoletum
1067 973 1210 1036 restituit.
1255 971 1350 1058 Quam
1375 973 1415 1034 ob

230 1095 293 1138 rena
316 1082 341 1136 a'
354 1075 499 1160 iratribus
521 1077 551 1136 iu
574 1075 719 1140 Graecos.
734 1077 867 1158 pessime
890 1078 1028 1142 animatis
1050 1077 1183 1140 vexatus
1207 1073 1344 1156 indies,
1372 1077 1414 1152 ,ad

225 1196 371 1262 nragnuur
393 1176 531 1240 'feledae
560 1180 736 1242 coenobium
758 1179 921 1262 migrauit,
951 1179 1002 1252 ubi
1027 1162 1123 1242 anuos
1143 1194 1252 1240 novem
1275 1195 1414 1258 cornuue·

229 1309 376 1375 ratusV.
401 1311 442 1374 Τ.
471 1312 566 1376 lutros
589 1314 762 1376 emendavit
786 1285 803 1399 (
805 1277 888 1428 μ’)
907 1307 951 1396 ².)
1000 1311 1148 1377 ildessanr
1179 1309 1288 1372 deiude
1313 1331 1414 1374 reuo-

231 1441 318 1496 catus
343 1407 501 1512 discipulis
529 1431 690 1524 librisque
703 1433 766 1494 suis
796 1451 833 1496 eo
864 1425 1053 1496 transvectis
1076 1429 1196 1491 biennio
1224 1434 1297 1509 post
1319 1433 1413 1495 vitam

229 1535 336 1596 linivit
387 1535 495 1614 Patet,
531 1533 693 1598 iacobum
707 1535 864 1598 doctrinae
901 1534 1057 1630 collapsae
1079 1533 1284 1595 restitutorem
1304 1515 1411 1612 luisse,

230 1639 362 1700 lavisse
372 1639 471 1698 autem
493 1636 545 1698 vel
565 1639 694 1699 maxime
717 1637 827 1700 litteris
852 1623 1015 1701 Graecis.
1037 1635 1139 1700 Tanta
1160 1653 1236 1698 sane
1257 1636 1314 1698 luit
1336 1636 1412 1699 illo-

229 1758 292 1800 rum
318 1741 483 1818 tenrporunr
506 1741 666 1820 angustia,
692 1743 794 1806 tantus
816 1739 1026 1803 monachorum
1048 1741 1153 1802 contra
1167 1735 1348 1800 Graecos
1319 1759 1413 1816 nugor

230 1839 424 1920 furibundus,
459 1843 505 1904 tot
533 1841 721 1906 minabantur
744 1843 856 1926 ubique
876 1843 961 1906 ultae
985 1841 1139 1924 pericula,
1170 1843 1204 1902 ut
1226 1843 1324 1903 actum
1343 1842 1411 1904 iero

231 1944 388 2006 videretur
414 1941 452 2003 de
484 1943 595 2006 litteris
625 1948 657 2007 et
690 1943 871 2010 eruditione.
914 1943 979 2008 Sed
1009 1945 1120 2007 Patres
1135 1941 1299 2028 Graecos,
1333 1962 1411 2032 quos

229 2029 404 2108 Nestoriaui
433 2049 523 2108 antea
550 2049 727 2128 verterant,
757 2049 855 2110 denuo
879 2061 1001 2108 suorum
1021 2047 1051 2107 in
1077 2065 1161 2106 nsum
1183 2045 1337 2110 transtulit
1357 2045 1410 2108 la-

230 2149 325 2212 cobus
353 2166 410 2211 uec
439 2165 499 2208 non
517 2148 767 2230 philosophorum
791 2151 907 2232 scripta
927 2148 1020 2212 multa
1041 2149 1173 2230 Syriaca
1193 2149 1278 2213 iee'it.
1321 2149 1410 2214 Tan-

230 2256 336 2333 topere
369 2255 468 2313 autem
500 2250 703 2315 abhorrebant
732 2251 785 2314 ilio
815 2247 951 2336 tempore
981 2251 1056 2332 Syri
1078 2271 1096 2313 a
1121 2250 1368 2315 consuetudine
1360 2269 1408 2312 rn-

231 2355 387 2433 ueterata,
415 2351 551 2416 Graecas
588 2373 694 2418 voees
722 2355 751 2415 in
778 2357 944 2416 sermbnem
976 2354 1136 2434 Syriacum
1162 2353 1345 2450 reeipiendi,
1379 2357 1410 2416 ut

137 2532 141 2541 s
228 2457 345 2518 nimiam
375 2453 459 2516 multi
484 2457 671 2546 purgandae
701 2457 827 2536 liuguae
855 2476 979 2556 operam
1008 2459 1133 2538 darent,
1167 2443 1275 2538 quibus
1296 2451 1410 2520 restitit

227 2539 386 2646 lacobus,
405 2557 560 2618 mediam
551 2577 617 2640 rpse
644 2560 722 2625 uiam
739 2556 909 2642 incedens,
942 2579 1032 2643 quum
1055 2561 1152 2622 uoces
1175 2558 1309 2622 Graecas
1330 2575 1408 2619 een-

230 2667 291 2726 tum
319 2661 404 2721 anuis
430 2664 500 2724 ante
526 2661 668 2724 invectas
686 2661 875 2742 retinendas,
905 2665 934 2724 in
955 2663 1128 2724 universum
1149 2663 1249 2725 autem
1270 2661 1407 2742 scripto-

227 2782 279 2825 res
300 2762 449 2825 classicos
473 2763 689 2846 llplrraemum,
717 2764 857 2826 iacobum
876 2765 1105 2844 Sarugcnsem,
1128 2761 1293 2844 Xenaiam,
1317 2762 1407 2826 isaa-

228 2884 293 2929 cum
307 2848 481 2930 Nisibenum
504 2867 678 2950 sequendos
698 2868 848 2932 iudicaret
871 2871 903 2930 et
924 2874 984 2932 tanr
1007 2867 1103 2948 polito
1124 2867 1270 2954 orationis
1291 2883 1412 2943 genere*

228 2971 295 3058 ipse
319 2966 455 3060 inlibris
480 2971 543 3031 suis
570 2975 726 3052 uteretur,
757 2973 790 3034 ut
814 2989 907 3053 opera
929 2971 1056 3032 maxime
1077 2967 1312 3060 lacobi'iaotum
1335 2985 1406 3029 esse

235 3087 390 3166 videatur,
427 3082 507 3167 quod
537 3107 636 3153 sermo
667 3093 816 3172 Syrorum
850 3089 1002 3152 dominans
1033 3057 1173 3185 (MJK)
1195 3091 1229 3152 ut
1256 3089 1299 3150 ait
1323 3087 1407 3150 Bar·

229 3191 405 3286 Hebraeus]
441 3205 539 3270 dictus
577 3213 609 3273 ct
643 3209 764 3274 babitus
797 3211 839 3272 sit
870 3209 1068 3270 Edessenus
1064 3203 1107 3292 ³.)
1158 3207 1242 3268 illius
1272 3211 1409 3288 tempore

610 3331 615 3340 ·
1338 3310 1407 3368 arte

230 3373 434 3382 ——-——--—-—--—

227 3488 324 3546 Mattlr.
345 3489 449 3556 XXVle
473 3494 531 3558 54.
557 3493 621 3548 Lue.
640 3495 742 3561 XXIV,
766 3498 836 3552 db·
831 3493 970 3563 iacobum
989 3494 1078 3548 Bibiia
1096 3495 1207 3548 vertisse
1226 3493 1348 3554 constat,
1374 3487 1408 3543 do

227 3573 310 3629 Paulo
330 3576 401 3630 inira
422 3576 576 3633 videbimus,

332 3675 454 3745 r)-Bar
463 3675 544 3734 liobe.
552 3693 606 3748 ap
624 3677 725 3732 Assem.
744 3677 778 3732 ll.
797 3693 860 3749 pag.
880 3683 940 3736 336

329 3775 361 3844 2)
329 3756 490 3832 2Τιι1ιᾶιι
516 3784 542 3833 et
566 3768 716 3832 Teiones'sa
739 3781 792 3833 uici
815 3793 870 3831 noa
894 3775 988 3847 procul
1010 3774 1147 3828 distabant
1171 3733 1333 3836 aGabalis,
1352 3786 1405 3824 mo-

225 3863 323 3914 rboratl
348 3873 365 3913 a
385 3859 558 3916 Theodoreto
582 3865 609 3916 in
632 3861 694 3916 bist
714 3863 792 3934 relig.
812 3879 833 3917 o.
851 3867 910 3926 26„
938 3858 1009 3930 apud
1027 3874 1094 3929 quos
1113 3857 1333 3928 frequentissima
1349 3871 1405 3908 ιιιιι-

225 3943 317 4000 nucius
335 3943 410 4016 Syris
429 3948 561 4002 coenobia
579 3951 656 4001 erant
675 3949 728 3999 iarn
746 3947 808 4002 inde
827 3962 844 4000 a
863 3953 983 4015 tempore
1001 3942 1150 4009 Ammiani,
1177 3940 1303 4005 Eusebii,
1322 3937 1405 3994 Euse·
1439 3953 1442 3961 ·

223 4031 326 4098 bonae,
350 4029 457 4096 Abibii,
487 4031 626 4085 Heliodori
646 4031 830 4103 etSymeouis
849 4032 972 4102 stylitae.

328 4129 360 4198 3)
382 4129 507 4183 iacobum
532 4136 626 4184 contra
644 4129 765 4186 Puristas
789 4131 963 4186 disserentem
987 4125 1050 4181 uide
1068 4125 1098 4180 B.
1119 4123 1151 4178 0.
1170 4123 1191 4180 l.
1209 4131 1274 4194 pag.
1292 4124 1355 4178 478.
1372 4148 1406 4158 -

223 4212 374 4284 Episcopus
398 4211 550 4269 Edessenus
575 4217 622 4270 ilio
641 4223 767 4287 tompore
793 4215 851 4270 iere
874 4215 1003 4286 principis
1028 4211 1186 4282 dignitatem
1211 4213 1238 4262 et
1260 4207 1405 4276 potentiam

224 4296 391 4364 habuit‚·ut
413 4298 497 4368 liquet
522 4315 553 4354 ox
572 4299 706 4356 Chronico
724 4298 870 4356 Edessena.
905 4297 1003 4352 Factus
1023 4301 1070 4350 est
1094 4291 1241 4364 aliquando
1265 4293 1405 4362 episcopus

225 4379 392 4448 Edessenus,
426 4385 471 4452 qui
490 4383 578 4441 comes
597 4385 716 4442 Orientis
735 4385 832 4442 iuerat.
867 4381 936 4439 [iubs
955 4383 1003 4436 illa
1022 4379 1151 4436 aliiuebat
1169 4379 1279 4435 divitiis.
1315 4373 1405 4428 Eccle-
