2956 5004
218 275 282 342 ati-i

221 445 471 531 interpretatione
486 443 523 507 N.
541 440 579 505 Τ.
603 441 727 520 linguae
743 439 880 503 Graecae
903 439 957 502 lex
979 443 1012 504 ct
1034 433 1202 538 regniaco
1225 441 1297 519 vio,
1320 455 1413 520 qnam

220 555 365 617 Winerus
387 567 461 628 sua,
486 565 545 627 qua
564 545 661 624 solet,
678 543 848 604 subtilitate
870 543 1021 624 praeivlt3
1047 545 1262 606 removeantur
1278 544 1413 604 conatus

222 672 344 733 omnes,
381 648 569 732 qulbus-vis
599 650 631 708 et
650 647 734 708 notio
760 644 992 726 particularum,
1019 645 1296 727 praeposbionum‚
1330 659 1414 703 ver-

221 759 327 820 borum
348 751 586 828 contunduntur,
609 750 785 827 variantur,
813 745 1024 822 debilitantor3
1056 747 1218 809 afferantur
1238 745 1307 808 loca
1332 762 1414 825 par-

224 859 316 921 allcla
357 875 400 918 cx
420 853 556 936 optimis
592 850 777 934 Graecorum
815 841 1017 929 scriptoribus
1056 881 1100 896 -
1122 850 1184 935 ,sed
1219 851 1416 927 agnoscatur

225 959 366 1023 dictionis
388 957 475 1020 enter
497 953 680 1032 Orientalis,
702 952 872 1014 Aramaeus
889 948 928 1033 ¹).

256 1043 276 1086 ’·
328 1059 429 1122 acen
463 1058 557 1120 attam
592 1055 713 1117 muitum
754 1053 896 1116 astrictus
935 1055 1038 1118 versu
1067 1055 1199 1136 syrano
1226 1053 1264 1115 aa
1294 1051 1416 1129 snguu

227 1165 373 1246 cuiusque
393 1157 554 1242 scriptoris
573 1158 732 1220 dictionem
755 1155 940 1234 singularem
964 1158 1219 1236 cognoscendam.
1262 1153 1297 1216 ln
1322 1155 1415 1218 niat-

228 1265 320 1330 tbaeo
350 1266 435 1327 tanta
465 1263 525 1336 est,
545 1261 651 1322 textus
671 1257 790 1321 'Graeci
817 1275 882 1319 curu
913 1259 998 1339 Syro
1028 1260 1261 1336 convenientia,
1289 1260 1323 1319 nt
1344 1257 1416 1318 iere

226 1363 301 1431 nibil
321 1359 490 1429 mutandum
519 1363 560 1426 sit
582 1361 762 1423 ct·verbum
785 1361 824 1421 de
847 1361 944 1423 verbo
961 1363 1097 1425 reddere
1121 1364 1240 1448 possis,
1271 1361 1298 1420 si
1320 1359 1415 1423 niat-

227 1471 346 1534 tbieunu
374 1467 505 1547 Syriaca
531 1465 706 1548 loquentem
735 1463 839 1524 iacere
869 1462 961 1524 velis.
1012 1465 1129 1528 Etenim
1152 1469 1186 1528 nt
1206 1464 1323 1526 omnino
1349 1463 1415 1524 ob-

227 1560 381 1634 servatum
411 1570 477 1647 est,
511 1567 682 1630 versionem
709 1565 852 1626 librorum
881 1563 919 1626 N.
950 1563 989 1626 Τ.
1019 1567 1146 1628 maxime
1169 1565 1415 1643 Evangeliornm

227 1675 369 1737 iaclllime
394 1669 460 1730 lieri
481 1669 511 1728 ln
532 1668 666 1745 linguatu
688 1666 895 1747 cruentatam,
920 1672 952 1729 ct
972 1668 1149 1748 vocabulis,
1181 1667 1290 1751 quibus
1316 1666 1413 1747 Apo-

228 1775 301 1838 stoli
331 1773 379 1834 nsi
413 1773 501 1858 sapt,
539 1769 727 1850 respondere
759 1771 870 1853 ubique
900 1763 1051 1834 vocabula
1073 1773 1184 1834 textus
1210 1769 1346 1831 Hebraei
1380 1773 1416 1831 et

228 1875 381 1941 versionis
410 1871 656 1962 Alexandrinae,
696 1869 784 1933 baec·
806 1874 925 1955 inquam
955 1873 992 1934 N.
1022 1872 1062 1933 Τ.
1099 1873 1315 1934 convenientia
1345 1890 1416 1933 cnm

228 1955 397 2057 linguarum
427 1971 621 2036 Orientalium
654 1973 796 2044 idiomate
832 1977 917 2037 tanta
950 1976 999 2036 cst
1027 1974 1055 2066 in
1088 1973 1265 2053 Malthace,
1296 1977 1331 2036 ut
1365 1976 1416 2035 vir

228 2081 353 2160 linguae
375 2063 525 2158 Syriacae
547 2073 749 2156 peritissimus
769 2073 911 2137 Adlerus
921 2075 1208 2139 lilattbaei'textnm
1230 2075 1416 2138 Aramaeum

231 2181 411 2260 originalem
440 2169 609 2240 statuerit'
644 2175 678 2237 ld
709 2173 824 2238 minime
853 2195 957 2239 verunt
985 2175 1102 2251 babeo;
1128 2176 1278 2241 lliattbaei
1300 2195 1416 2239 exem-

229 2267 297 2366 plar
318 2282 465 2345 Graecum
488 2280 564 2342 sotis
587 2297 622 2340 se
645 2278 958 2359 probat'genuinnm,
988 2280 1176 2360 primarium,
1198 2279 1417 2360 authenticum,

229 2403 327 2470 neque
363 2365 465 2482 apo’ror
499 2381 689 2443 traditionem
729 2382 882 2462 veterem,
896 2403 912 2432 ·-
926 2381 1078 2446 iicbraice
1102 2382 1301 2447 'lllattboeum
1331 2384 1416 2446 scri-

333 2580 347 2592 n!

206 2629 370 2711 'lustranda
393 2650 497 2705 biblia!
529 2649 576 2704 sed
603 2629 805 2728 addictionem
835 2652 916 2706 molto
936 2652 1015 2721 plura
1033 2651 1125 2706 afferri
1145 2657 1268 2720 possunt.
1303 2651 1415 2722 Targa-

230 2741 325 2793 mistae
350 2737 462 2789 maxime
485 2750 544 2787 eam
568 2735 602 2788 cb
630 2751 736 2789 causam
754 2723 912 2794 conterendi
930 2742 1007 2802 sunt,
1033 2736 1105 2808 quod
1123 2743 1217 2804 tropos
1236 2742 1263 2789 et
1280 2739 1416 2807 imagines

230 2818 261 2878 v.
290 2822 323 2876 Τ.
347 2821 454 2876 solvere
476 2805 509 2872 'et
534 2821 561 2872 in
584 2834 642 2874 eam
668 2813 810 2874 dictibirem
836 2819 983 2910 propbetas
1002 2824 1080 2890 quasi
1099 2822 1296 2876 transscribere
1314 2823 1414 2886 solent,

230 2923 300 2979 quae
322 2905 440 2960 sermoni
465 2904 583 2972 pedestri
608 2909 743 2980 etaetati
767 2907 1054 2959 seriori-communior
1072 2911 1122 2959 est.
1158 2903 1241 2959 Urium
1264 2906 1413 2975 exennium

231 2999 260 3058 ut
283 2991 409 3056 aiteram,
442 2986 493 3041 les.
517 2988 566 3054 Ll,
592 2994 633 3045 16.
659 2989 833 3059 Targumista
864 2989 898 3042 ad
923 3005 1029 3044 servom
1056 2989 1103 3044 Dei
1130 2989 1196 3044 baec
1221 2991 1304 3045 verba
1328 2990 1413 3045 Deum

204 3117 206 3122 ,
230 3078 381 3145 loquentem
406 3069 484 3125 iecit:
518 3072 552 3126 ln'
574 3074 668 3127 umbra
691 3077 828 3142 potentiae
851 3089 926 3128 meae
946 3078 1112 3144 proterite,
1139 3081 1169 3127 ut
1186 3078 1343 3130 suscitarem
1361 3091 1413 3144 po-

229 3160 347 3229 pulum.
367 3198 372 3209 .
393 3161 420 3210 ct
445 3155 583 3210 fundarem
610 3158 758 3226 ecclesiam.
800 3157 841 3212 Ad
858 3151 943 3228 'quern
969 3160 1054 3213 locum
1080 3159 1164 3212 verba
1192 3158 1292 3212 Christi
1318 3159 1412 3213 conlc-

231 3242 328 3295 renda:
359 3239 507 3298 aedificabo
533 3241 672 3294 ecelesiam
697 3256 790 3298 meam.
832 3241 935 3295 Bartol.
961 3241 1087 3312 Meyerus
1106 3241 1174 3296 Phil.
1195 3243 1222 3298 S.
1242 3243 1270 3296 Ρ.
1290 3243 1322 3296 ll.
1341 3259 1366 3296 c.
1386 3251 1414 3298 2.

230 3343 256 3395 p.
277 3327 433 3382 165-200.
451 3338 483 3376 cx
501 3323 682 3393 Tergemistis
702 3327 783 3381 muita
802 3325 891 3379 attulit
908 3325 941 3378 ad
961 3325 1073 3394 phrases
1094 3329 1209 3382 biblicus
1227 3328 1413 3382 illustrandas.

335 3421 364 3490 1)
384 3418 488 3502 Optime
514 3425 540 3476 in
560 3425 715 3478 universnm
732 3407 1026 3479 Oleariom'iutlieasse
1045 3433 1119 3496 puto.
1155 3427 1254 3483 Wiueri
1270 3427 1342 3478 votis
1364 3441 1413 3480 ac-

183 3533 185 3544 *
230 3507 311 3572 cede,
340 3511 371 3560 ot
398 3504 549 3561 liebraismi
574 3505 606 3559 N.
632 3505 664 3560 Τ.
691 3510 762 3560 euris
788 3511 865 3562 novis
892 3509 1056 3580 colligantur
1080 3517 1107 3565 et
1132 3515 1325 3582 preponantur.
1369 3511 1412 3564 tit.

230 3589 352 3654 Ernesti,
371 3593 503 3649 institutio
525 3592 827 3664 interpretis:·„lltque
847 3597 885 3646 ita
903 3597 1048 3648 constituta
1066 3610 1098 3650 ac
1116 3597 1226 3650 delinita
1240 3595 1412 3666 quaestione,

229 3689 358 3744 negamus
383 3678 441 3730 sine
465 3677 650 3744 dubitatione,
683 3678 825 3732 dictionem
851 3675 884 3728 N.
911 3677 1030 3732 T.·essc
1056 3697 1122 3750 pure
1147 3679 1277 3734 Graecam
1295 3677 1413 3733 liebrai-

229 3753 580 3831 camduc·ebnsuetudinem
603 3764 703 3816 imitari
729 3760 895 3815 defendimus
920 3777 969 3816 nec
988 3763 1066 3822 modo
1086 3767 1113 3818 in
1133 3766 1248 3835 singuiis
1269 3764 1362 3819 verbis
1381 3779 1415 3819 ac

229 3843 373 3912 phrasibus
400 3851 427 3898 et
451 3846 545 3916 liguris
562 3843 690 3911 dicendi,
717 3845 765 3899 sed
790 3849 869 3899 etiam
895 3851 1023 3902 universo
1048 3851 1134 3926 torma
1155 3847 1305 3916 erationis,
1330 3850 1415 3921 idque

153 3969 155 3976 ,
227 3929 353 3996 exemplis
386 3927 535 3999 perspicuis
564 3935 704 3995 constare,
734 3938 845 4010 qnorum
877 3947 1002 3986 numerus
1029 3937 1108 3988 etiam
1135 3927 1222 3988 maio'r
1247 3938 1297 4000 sit,
1330 3951 1413 4006 qnam

225 4011 307 4082 vuig'o
328 4011 440 4066 credant
457 4014 497 4066 iili
515 4017 581 4083 ipsi,
601 4017 682 4088 quia
700 4015 783 4090 uobis¹
798 4031 852 4068 uon
871 4013 1043 4082 dissentiunt,
1065 4023 1093 4070 ut
1108 4017 1175 4072 bene
1191 4026 1280 4073 monet
1294 4019 1411 4076 Weren-

226 4098 334 4164 lelsios,
362 4111 440 4168 quum
461 4097 540 4148 etiem
559 4094 662 4164 Lucas,
686 4101 731 4168 qui
749 4101 835 4168 magis
855 4112 937 4167 puros
955 4104 1052 4155 ceteris
1070 4095 1194 4171 potator,
1222 4105 1408 4159 innumerabi-

225 4183 262 4235 lia
282 4169 381 4237 hebcat
398 4180 532 4234 liebreica
556 4182 643 4248 sitque
659 4184 763 4235 initium
781 4181 922 4252 Evangelii
941 4181 1100 4241 eiustotum
1119 4190 1158 4240 ita
1176 4187 1356 4254 liebraicum,
1384 4197 1413 4244 ut

226 4265 261 4316 a'd
287 4268 397 4321 verbum
423 4279 454 4318 ex
480 4262 612 4317 liebraico
636 4279 742 4318 versum
770 4265 856 4320 videri
880 4271 1001 4336 possit.“
1027 4299 1062 4310 —
1098 4269 1170 4332 Quot
1189 4271 1413 4330 Hebraismorum

225 4347 375 4416 manipulos
394 4348 520 4402 olearias
539 4341 571 4400 ex
589 4349 657 4403 solis
675 4364 722 4402 sen
742 4349 832 4406 Lucae
851 4353 984 4423 capitibus
1003 4358 1155 4426 congessit!
