<?xml version="1.0" encoding="UTF-8"?>
<!DOCTYPE html PUBLIC "-//W3C//DTD XHTML 1.0 Transitional//EN"
    "http://www.w3.org/TR/xhtml1/DTD/xhtml1-transitional.dtd">
<html xmlns="http://www.w3.org/1999/xhtml" xml:lang="en" lang="en">
 <head>
  <title>
</title>
<meta http-equiv="Content-Type" content="text/html;charset=utf-8" />
  <meta name='ocr-system' content='tesseract 3.04.00' />
  <meta name='ocr-capabilities' content='ocr_page ocr_carea ocr_par ocr_line ocrx_word'/>
</head>
<body>
  <div class='ocr_page' id='page_1' title='image "./denovitestament00wichgoog_0127.png"; bbox 0 0 3014 5008; ppageno 0'>
   <div class='ocr_carea' id='block_1_1' title="bbox 226 268 288 334">
    <p class='ocr_par' dir='ltr' id='par_1_1' title="bbox 226 268 288 334">
     <span class='ocr_line' id='line_1_1' title="bbox 226 268 288 334; baseline 0 0"><span class='ocrx_word' id='word_1_1' title='bbox 226 268 288 334; x_wconf 75' lang='lat' dir='ltr'><strong>lli</strong></span> 
     </span>
    </p>
   </div>
   <div class='ocr_carea' id='block_1_2' title="bbox 13 431 1493 4328">
    <p class='ocr_par' dir='ltr' id='par_1_2' title="bbox 223 431 1493 1142">
     <span class='ocr_line' id='line_1_2' title="bbox 224 431 1415 532; baseline -0.006 -23"><span class='ocrx_word' id='word_1_2' title='bbox 224 443 285 518; x_wconf 83' lang='lat' dir='ltr'><strong>alia</strong></span> <span class='ocrx_word' id='word_1_3' title='bbox 305 441 364 506; x_wconf 89' lang='lat' dir='ltr'><strong>hnc</strong></span> <span class='ocrx_word' id='word_1_4' title='bbox 386 443 567 525; x_wconf 85' lang='lat' dir='ltr'><strong>pertinentia</strong></span> <span class='ocrx_word' id='word_1_5' title='bbox 588 442 755 524; x_wconf 89' lang='lat' dir='ltr'><strong>prodirent.</strong></span> <span class='ocrx_word' id='word_1_6' title='bbox 798 440 1006 525; x_wconf 73' lang='lat' dir='ltr'><strong>sequanam</strong></span> <span class='ocrx_word' id='word_1_7' title='bbox 1028 459 1102 526; x_wconf 80' lang='lat' dir='ltr'><strong>spes</strong></span> <span class='ocrx_word' id='word_1_8' title='bbox 1121 431 1312 532; x_wconf 70' lang='lat' dir='ltr'><strong>mererent.</strong></span> <span class='ocrx_word' id='word_1_9' title='bbox 1355 440 1415 502; x_wconf 81' lang='lat' dir='ltr'><strong>ln-</strong></span> 
     </span>
     <span class='ocr_line' id='line_1_3' title="bbox 225 529 1414 626; baseline -0.003 -18"><span class='ocrx_word' id='word_1_10' title='bbox 225 547 391 622; x_wconf 81' lang='lat' dir='ltr'><strong>brnmiam</strong></span> <span class='ocrx_word' id='word_1_11' title='bbox 410 550 500 610; x_wconf 88' lang='lat' dir='ltr'><strong>antea</strong></span> <span class='ocrx_word' id='word_1_12' title='bbox 522 566 542 610; x_wconf 91' lang='lat' dir='ltr'><strong>a</strong></span> <span class='ocrx_word' id='word_1_13' title='bbox 566 563 612 608; x_wconf 91' lang='lat' dir='ltr'><strong>me</strong></span> <span class='ocrx_word' id='word_1_14' title='bbox 634 547 820 626; x_wconf 84' lang='lat' dir='ltr'><strong>quaesitum:</strong></span> <span class='ocrx_word' id='word_1_15' title='bbox 854 529 1057 625; x_wconf 79' lang='lat' dir='ltr'><strong>St&#39;itlartio,</strong></span> <span class='ocrx_word' id='word_1_16' title='bbox 1089 545 1233 608; x_wconf 83' lang='lat' dir='ltr'><strong>hiemoirs</strong></span> <span class='ocrx_word' id='word_1_17' title='bbox 1257 544 1295 604; x_wconf 93' lang='lat' dir='ltr'><strong>de</strong></span> <span class='ocrx_word' id='word_1_18' title='bbox 1317 542 1414 604; x_wconf 90' lang='lat' dir='ltr'><strong>t&#39;Ar-</strong></span> 
     </span>
     <span class='ocr_line' id='line_1_4' title="bbox 226 647 1414 728; baseline -0.003 -16"><span class='ocrx_word' id='word_1_19' title='bbox 226 649 339 728; x_wconf 76' lang='lat' dir='ltr'><strong>menie,</strong></span> <span class='ocrx_word' id='word_1_20' title='bbox 378 666 475 728; x_wconf 89' lang='lat' dir='ltr'><strong>neque</strong></span> <span class='ocrx_word' id='word_1_21' title='bbox 512 667 588 710; x_wconf 90' lang='lat' dir='ltr'><strong>nunc</strong></span> <span class='ocrx_word' id='word_1_22' title='bbox 628 651 735 710; x_wconf 88' lang='lat' dir='ltr'><strong>nactus</strong></span> <span class='ocrx_word' id='word_1_23' title='bbox 773 667 855 726; x_wconf 88' lang='lat' dir='ltr'><strong>sum,</strong></span> <span class='ocrx_word' id='word_1_24' title='bbox 892 649 948 710; x_wconf 87' lang='lat' dir='ltr'><strong>sed</strong></span> <span class='ocrx_word' id='word_1_25' title='bbox 985 649 1074 710; x_wconf 89' lang='lat' dir='ltr'><strong>incidi</strong></span> <span class='ocrx_word' id='word_1_26' title='bbox 1103 651 1132 710; x_wconf 91' lang='lat' dir='ltr'><strong>in</strong></span> <span class='ocrx_word' id='word_1_27' title='bbox 1161 648 1249 710; x_wconf 89' lang='lat' dir='ltr'><strong>alium</strong></span> <span class='ocrx_word' id='word_1_28' title='bbox 1277 647 1414 708; x_wconf 86' lang='lat' dir='ltr'><strong>libellum</strong></span> 
     </span>
     <span class='ocr_line' id='line_1_5' title="bbox 224 747 1413 840; baseline 0 -28"><span class='ocrx_word' id='word_1_29' title='bbox 224 749 450 834; x_wconf 84' lang='lat' dir='ltr'><strong>„Recherohes</strong></span> <span class='ocrx_word' id='word_1_30' title='bbox 473 751 628 814; x_wconf 87' lang='lat' dir='ltr'><strong>coricuses</strong></span> <span class='ocrx_word' id='word_1_31' title='bbox 650 769 703 812; x_wconf 91' lang='lat' dir='ltr'><strong>sur</strong></span> <span class='ocrx_word' id='word_1_32' title='bbox 723 749 869 814; x_wconf 87' lang='lat' dir='ltr'><strong>t’histoire</strong></span> <span class='ocrx_word' id='word_1_33' title='bbox 893 753 1037 814; x_wconf 76' lang='lat' dir='ltr'><strong>ancienne</strong></span> <span class='ocrx_word' id='word_1_34' title='bbox 1060 753 1097 814; x_wconf 89' lang='lat' dir='ltr'><strong>de</strong></span> <span class='ocrx_word' id='word_1_35' title='bbox 1118 751 1224 840; x_wconf 73' lang='lat' dir='ltr'><strong>l&#39;Asie</strong></span> <span class='ocrx_word' id='word_1_36' title='bbox 1246 769 1302 830; x_wconf 89' lang='lat' dir='ltr'><strong>par</strong></span> <span class='ocrx_word' id='word_1_37' title='bbox 1325 747 1413 814; x_wconf 85' lang='lat' dir='ltr'><strong>Cha-</strong></span> 
     </span>
     <span class='ocr_line' id='line_1_6' title="bbox 224 851 1492 934; baseline -0.005 -15"><span class='ocrx_word' id='word_1_38' title='bbox 224 854 283 919; x_wconf 82' lang='lat' dir='ltr'><strong>bao</strong></span> <span class='ocrx_word' id='word_1_39' title='bbox 306 854 343 916; x_wconf 92' lang='lat' dir='ltr'><strong>de</strong></span> <span class='ocrx_word' id='word_1_40' title='bbox 368 851 549 916; x_wconf 85' lang='lat' dir='ltr'><strong>Girbiodet</strong></span> <span class='ocrx_word' id='word_1_41' title='bbox 571 852 695 916; x_wconf 84' lang='lat' dir='ltr'><strong>Martio.</strong></span> <span class='ocrx_word' id='word_1_42' title='bbox 732 855 825 916; x_wconf 81' lang='lat' dir='ltr'><strong>Paris</strong></span> <span class='ocrx_word' id='word_1_43' title='bbox 852 853 971 918; x_wconf 86' lang='grc'><strong>1806.“</strong></span> <span class='ocrx_word' id='word_1_44' title='bbox 1014 855 1107 916; x_wconf 81' lang='lat' dir='ltr'>Brevi</span> <span class='ocrx_word' id='word_1_45' title='bbox 1129 871 1299 934; x_wconf 78' lang='lat' dir='ltr'><strong>exponam,</strong></span> <span class='ocrx_word' id='word_1_46' title='bbox 1322 871 1412 934; x_wconf 82' lang='lat' dir='ltr'><strong>quam</strong></span> <span class='ocrx_word' id='word_1_47' title='bbox 1491 927 1492 930; x_wconf 8' lang='grc' dir='ltr'><strong>Ἴ</strong></span> 
     </span>
     <span class='ocr_line' id='line_1_7' title="bbox 225 948 1493 1044; baseline -0.002 -26"><span class='ocrx_word' id='word_1_48' title='bbox 225 975 324 1018; x_wconf 90' lang='lat' dir='ltr'><strong>rerum</strong></span> <span class='ocrx_word' id='word_1_49' title='bbox 352 955 601 1036; x_wconf 75' lang='lat' dir='ltr'><strong>historiarumque</strong></span> <span class='ocrx_word' id='word_1_50' title='bbox 630 957 804 1030; x_wconf 81' lang='lat' dir='ltr'><strong>seriem&#39;ot</strong></span> <span class='ocrx_word' id='word_1_51' title='bbox 816 948 962 1020; x_wconf 76' lang='lat' dir='ltr'><strong>rationem</strong></span> <span class='ocrx_word' id='word_1_52' title='bbox 986 956 1031 1028; x_wconf 82' lang='lat' dir='ltr'><strong>itti</strong></span> <span class='ocrx_word' id='word_1_53' title='bbox 1054 957 1218 1044; x_wconf 86' lang='lat' dir='ltr'><strong>secundnm</strong></span> <span class='ocrx_word' id='word_1_54' title='bbox 1243 957 1412 1036; x_wconf 71' lang='lat' dir='ltr'><strong>scriptores</strong></span> <span class='ocrx_word' id='word_1_55' title='bbox 1489 950 1493 1030; x_wconf 73' lang='lat' dir='ltr'><strong>&#39;t</strong></span> 
     </span>
     <span class='ocr_line' id='line_1_8' title="bbox 223 1043 1297 1142; baseline -0.004 -20"><span class='ocrx_word' id='word_1_56' title='bbox 223 1059 384 1122; x_wconf 77' lang='lat' dir='ltr'><strong>ArmenIos</strong></span> <span class='ocrx_word' id='word_1_57' title='bbox 405 1062 583 1142; x_wconf 86' lang='lat' dir='ltr'><strong>sequnntur.</strong></span> <span class='ocrx_word' id='word_1_58' title='bbox 629 1095 633 1102; x_wconf 91' lang='lat'>-</span> <span class='ocrx_word' id='word_1_59' title='bbox 681 1113 687 1124; x_wconf 91' lang='grc'>,</span> <span class='ocrx_word' id='word_1_60' title='bbox 918 1043 922 1050; x_wconf 66' lang='grc'><strong>’</strong></span> <span class='ocrx_word' id='word_1_61' title='bbox 1294 1049 1297 1056; x_wconf 74' lang='grc'><strong>’</strong></span> 
     </span>
    </p>

    <p class='ocr_par' dir='ltr' id='par_1_3' title="bbox 222 1147 1493 1549">
     <span class='ocr_line' id='line_1_9' title="bbox 326 1147 1411 1244; baseline 0 -22"><span class='ocrx_word' id='word_1_62' title='bbox 326 1160 476 1232; x_wconf 69' lang='lat' dir='ltr'><strong>Artaxias</strong></span> <span class='ocrx_word' id='word_1_63' title='bbox 502 1163 534 1222; x_wconf 90' lang='lat' dir='ltr'><strong>et</strong></span> <span class='ocrx_word' id='word_1_64' title='bbox 561 1159 729 1222; x_wconf 87' lang='lat' dir='ltr'><strong>Sadriades</strong></span> <span class='ocrx_word' id='word_1_65' title='bbox 760 1160 929 1224; x_wconf 86' lang='lat' dir='ltr'><strong>Armeniam</strong></span> <span class='ocrx_word' id='word_1_66' title='bbox 958 1147 1318 1244; x_wconf 62' lang='lat' dir='ltr'><strong>possidebant&#39;tempore</strong></span> <span class='ocrx_word' id='word_1_67' title='bbox 1339 1159 1411 1222; x_wconf 91' lang='lat' dir='ltr'><strong>An-</strong></span> 
     </span>
     <span class='ocr_line' id='line_1_10' title="bbox 223 1260 1410 1343; baseline -0.003 -15"><span class='ocrx_word' id='word_1_68' title='bbox 223 1265 315 1330; x_wconf 88' lang='lat' dir='ltr'><strong>tiochi</strong></span> <span class='ocrx_word' id='word_1_69' title='bbox 345 1263 470 1340; x_wconf 55' lang='lat' dir='ltr'><strong>Magon</strong></span> <span class='ocrx_word' id='word_1_70' title='bbox 510 1262 548 1324; x_wconf 87' lang='lat' dir='ltr'><strong>ab</strong></span> <span class='ocrx_word' id='word_1_71' title='bbox 577 1260 731 1324; x_wconf 85' lang='lat' dir='ltr'><strong>Antioeho&#39;</strong></span> <span class='ocrx_word' id='word_1_72' title='bbox 767 1263 849 1326; x_wconf 89' lang='lat' dir='ltr'><strong>hetto</strong></span> <span class='ocrx_word' id='word_1_73' title='bbox 883 1261 1019 1324; x_wconf 88' lang='lat' dir='ltr'><strong>lacessiti</strong></span> <span class='ocrx_word' id='word_1_74' title='bbox 1048 1262 1308 1343; x_wconf 85' lang='lat' dir='ltr'><strong>sed..superiores</strong></span> <span class='ocrx_word' id='word_1_75' title='bbox 1336 1263 1410 1324; x_wconf 87' lang='lat' dir='ltr'><strong>iacti</strong></span> 
     </span>
     <span class='ocr_line' id='line_1_11' title="bbox 222 1357 1409 1452; baseline -0.005 -20"><span class='ocrx_word' id='word_1_76' title='bbox 222 1369 358 1452; x_wconf 89' lang='lat' dir='ltr'><strong>proelio,</strong></span> <span class='ocrx_word' id='word_1_77' title='bbox 396 1367 511 1438; x_wconf 84' lang='lat' dir='ltr'><strong>liberos</strong></span> <span class='ocrx_word' id='word_1_78' title='bbox 542 1383 577 1426; x_wconf 89' lang='lat' dir='ltr'><strong>se</strong></span> <span class='ocrx_word' id='word_1_79' title='bbox 599 1357 828 1438; x_wconf 75' lang='lat' dir='ltr'><strong>eoirstitueruot</strong></span> <span class='ocrx_word' id='word_1_80' title='bbox 857 1362 1081 1426; x_wconf 88' lang='lat' dir='ltr'><strong>aSeteuoidis.</strong></span> <span class='ocrx_word' id='word_1_81' title='bbox 1101 1437 1105 1444; x_wconf 23' lang='lat'>⁸</span> <span class='ocrx_word' id='word_1_82' title='bbox 1126 1365 1236 1427; x_wconf 83' lang='lat' dir='ltr'><strong>ldorum</strong></span> <span class='ocrx_word' id='word_1_83' title='bbox 1262 1368 1409 1447; x_wconf 87' lang='lat' dir='ltr'><strong>posteros</strong></span> 
     </span>
     <span class='ocr_line' id='line_1_12' title="bbox 222 1461 1493 1549; baseline -0.002 -16"><span class='ocrx_word' id='word_1_84' title='bbox 222 1473 410 1544; x_wconf 78' lang='lat' dir='ltr'><strong>Valarsaces</strong></span> <span class='ocrx_word' id='word_1_85' title='bbox 438 1465 591 1532; x_wconf 90' lang='lat' dir='ltr'><strong>Arsacida</strong></span> <span class='ocrx_word' id='word_1_86' title='bbox 628 1469 851 1546; x_wconf 78' lang='lat' dir='ltr'><strong>exterminavit.</strong></span> <span class='ocrx_word' id='word_1_87' title='bbox 869 1461 929 1546; x_wconf 82' lang='lat' dir='ltr'><strong>.(a.</strong></span> <span class='ocrx_word' id='word_1_88' title='bbox 961 1464 1039 1549; x_wconf 82' lang='lat'>150)</span> <span class='ocrx_word' id='word_1_89' title='bbox 1072 1469 1105 1530; x_wconf 87' lang='lat' dir='ltr'><strong>et</strong></span> <span class='ocrx_word' id='word_1_90' title='bbox 1134 1465 1350 1534; x_wconf 79' lang='lat' dir='ltr'><strong>Arsacidarum</strong></span> <span class='ocrx_word' id='word_1_91' title='bbox 1379 1469 1410 1530; x_wconf 91' lang='lat' dir='ltr'><strong>io</strong></span> <span class='ocrx_word' id='word_1_92' title='bbox 1492 1539 1493 1548; x_wconf 8' lang='grc' dir='ltr'>ἵ</span> 
     </span>
    </p>

    <p class='ocr_par' dir='ltr' id='par_1_4' title="bbox 161 1545 1409 1758">
     <span class='ocr_line' id='line_1_13' title="bbox 161 1545 1409 1651; baseline -0.006 -13"><span class='ocrx_word' id='word_1_93' title='bbox 161 1601 165 1610; x_wconf 93' lang='grc'><strong><em>·</em></strong></span> <span class='ocrx_word' id='word_1_94' title='bbox 223 1574 366 1638; x_wconf 89' lang='lat' dir='ltr'><strong>Armenia</strong></span> <span class='ocrx_word' id='word_1_95' title='bbox 397 1571 565 1651; x_wconf 61' lang='lat' dir='ltr'><strong>dxoastiam</strong></span> <span class='ocrx_word' id='word_1_96' title='bbox 595 1568 740 1630; x_wconf 76' lang='lat' dir='ltr'><strong>condidit.</strong></span> <span class='ocrx_word' id='word_1_97' title='bbox 783 1567 939 1646; x_wconf 79' lang='lat' dir='ltr'><strong>Tigran&#39;ed</strong></span> <span class='ocrx_word' id='word_1_98' title='bbox 971 1545 1106 1646; x_wconf 74' lang='lat' dir='ltr'><strong>bdagnus</strong></span> <span class='ocrx_word' id='word_1_99' title='bbox 1129 1567 1297 1651; x_wconf 77' lang='lat' dir='ltr'><strong>(Artaxiao</strong></span> <span class='ocrx_word' id='word_1_100' title='bbox 1320 1571 1409 1650; x_wconf 82' lang='lat' dir='ltr'><strong>iilius,</strong></span> 
     </span>
     <span class='ocr_line' id='line_1_14' title="bbox 222 1658 1406 1758; baseline -0.003 -20"><span class='ocrx_word' id='word_1_101' title='bbox 222 1678 291 1738; x_wconf 87' lang='lat' dir='ltr'><strong>inde</strong></span> <span class='ocrx_word' id='word_1_102' title='bbox 320 1675 399 1738; x_wconf 85' lang='lat' dir='ltr'><strong>iatso</strong></span> <span class='ocrx_word' id='word_1_103' title='bbox 423 1658 449 1734; x_wconf 76' lang='lat' dir='ltr'><strong>a&#39;</strong></span> <span class='ocrx_word' id='word_1_104' title='bbox 462 1671 611 1734; x_wconf 77' lang='lat' dir='ltr'><strong>Romanis</strong></span> <span class='ocrx_word' id='word_1_105' title='bbox 628 1670 726 1732; x_wconf 90' lang='lat' dir='ltr'><strong>dictus</strong></span> <span class='ocrx_word' id='word_1_106' title='bbox 749 1688 791 1744; x_wconf 81' lang='lat' dir='ltr'><strong>ex</strong></span> <span class='ocrx_word' id='word_1_107' title='bbox 813 1670 964 1733; x_wconf 77' lang='lat' dir='ltr'><strong>Artaxias</strong></span> <span class='ocrx_word' id='word_1_108' title='bbox 988 1675 1084 1758; x_wconf 83' lang='lat' dir='ltr'><strong>gente</strong></span> <span class='ocrx_word' id='word_1_109' title='bbox 1106 1671 1264 1756; x_wconf 83' lang='lat' dir='ltr'><strong>oriundus)</strong></span> <span class='ocrx_word' id='word_1_110' title='bbox 1286 1692 1406 1752; x_wconf 88' lang='lat' dir='ltr'><strong>regna-</strong></span> 
     </span>
    </p>

    <p class='ocr_par' dir='ltr' id='par_1_5' title="bbox 124 1765 1493 2479">
     <span class='ocr_line' id='line_1_15' title="bbox 124 1765 1410 1858; baseline -0.002 -18"><span class='ocrx_word' id='word_1_111' title='bbox 124 1765 130 1776; x_wconf 69' lang='grc'><strong>’</strong></span> <span class='ocrx_word' id='word_1_112' title='bbox 222 1779 325 1841; x_wconf 74' lang='lat' dir='ltr'><strong>vita.</strong></span> <span class='ocrx_word' id='word_1_113' title='bbox 352 1773 507 1841; x_wconf 79' lang='lat'><strong>95-38,</strong></span> <span class='ocrx_word' id='word_1_114' title='bbox 549 1772 657 1835; x_wconf 88' lang='lat' dir='ltr'><strong>Victus</strong></span> <span class='ocrx_word' id='word_1_115' title='bbox 686 1791 704 1834; x_wconf 87' lang='lat' dir='ltr'><strong>a</strong></span> <span class='ocrx_word' id='word_1_116' title='bbox 735 1772 862 1836; x_wconf 81' lang='lat' dir='ltr'><strong>Locutio</strong></span> <span class='ocrx_word' id='word_1_117' title='bbox 892 1777 924 1836; x_wconf 90' lang='lat' dir='ltr'><strong>et</strong></span> <span class='ocrx_word' id='word_1_118' title='bbox 947 1774 1090 1854; x_wconf 83' lang='lat' dir='ltr'><strong>Pompeio</strong></span> <span class='ocrx_word' id='word_1_119' title='bbox 1116 1773 1285 1838; x_wconf 89' lang='lat' dir='ltr'><strong>Armeniam</strong></span> <span class='ocrx_word' id='word_1_120' title='bbox 1307 1795 1410 1858; x_wconf 90' lang='lat' dir='ltr'><strong>supc-</strong></span> 
     </span>
     <span class='ocr_line' id='line_1_16' title="bbox 214 1875 1409 1958; baseline -0.002 -16"><span class='ocrx_word' id='word_1_121' title='bbox 214 1883 331 1942; x_wconf 88' lang='lat' dir='ltr'><strong>·riorem</strong></span> <span class='ocrx_word' id='word_1_122' title='bbox 364 1879 425 1943; x_wconf 89' lang='lat' dir='ltr'><strong>titio</strong></span> <span class='ocrx_word' id='word_1_123' title='bbox 456 1877 626 1940; x_wconf 67' lang='lat' dir='ltr'><strong>Artavasdi</strong></span> <span class='ocrx_word' id='word_1_124' title='bbox 655 1875 794 1954; x_wconf 87' lang='lat' dir='ltr'><strong>tradidit,</strong></span> <span class='ocrx_word' id='word_1_125' title='bbox 826 1878 875 1957; x_wconf 89' lang='lat' dir='ltr'><strong>qui</strong></span> <span class='ocrx_word' id='word_1_126' title='bbox 892 1876 1070 1940; x_wconf 83' lang='lat' dir='ltr'><strong>Artaxatae</strong></span> <span class='ocrx_word' id='word_1_127' title='bbox 1091 1879 1224 1957; x_wconf 84' lang='lat' dir='ltr'><strong>resedit,</strong></span> <span class='ocrx_word' id='word_1_128' title='bbox 1253 1879 1319 1958; x_wconf 87' lang='lat' dir='ltr'><strong>ipse</strong></span> <span class='ocrx_word' id='word_1_129' title='bbox 1345 1879 1409 1940; x_wconf 81' lang='lat' dir='ltr'><strong>Ni-</strong></span> 
     </span>
     <span class='ocr_line' id='line_1_17' title="bbox 222 1967 1406 2059; baseline -0.002 -13"><span class='ocrx_word' id='word_1_130' title='bbox 222 1984 300 2047; x_wconf 85' lang='lat' dir='ltr'><strong>sibiu</strong></span> <span class='ocrx_word' id='word_1_131' title='bbox 331 1983 452 2059; x_wconf 81' lang='lat' dir='ltr'><strong>regiam</strong></span> <span class='ocrx_word' id='word_1_132' title='bbox 485 1980 554 2044; x_wconf 90' lang='lat' dir='ltr'><strong>sibi·</strong></span> <span class='ocrx_word' id='word_1_133' title='bbox 577 1979 706 2056; x_wconf 83' lang='lat' dir='ltr'><strong>detegit.</strong></span> <span class='ocrx_word' id='word_1_134' title='bbox 753 1979 877 2054; x_wconf 77' lang='lat' dir='ltr'><strong>Deinde</strong></span> <span class='ocrx_word' id='word_1_135' title='bbox 914 2000 979 2043; x_wconf 86' lang='lat' dir='ltr'><strong>curn</strong></span> <span class='ocrx_word' id='word_1_136' title='bbox 1012 1967 1133 2044; x_wconf 75' lang='lat' dir='ltr'><strong>Pnr&#39;this</strong></span> <span class='ocrx_word' id='word_1_137' title='bbox 1163 1981 1300 2046; x_wconf 91' lang='lat' dir='ltr'><strong>coniurat</strong></span> <span class='ocrx_word' id='word_1_138' title='bbox 1327 2001 1406 2046; x_wconf 89' lang='lat' dir='ltr'><strong>coo-</strong></span> 
     </span>
     <span class='ocr_line' id='line_1_18' title="bbox 222 2080 1408 2174; baseline 0.002 -28"><span class='ocrx_word' id='word_1_139' title='bbox 222 2089 269 2148; x_wconf 91' lang='lat' dir='ltr'><strong>tra</strong></span> <span class='ocrx_word' id='word_1_140' title='bbox 299 2085 471 2174; x_wconf 82' lang='lat' dir='ltr'><strong>Romanos,</strong></span> <span class='ocrx_word' id='word_1_141' title='bbox 504 2087 596 2165; x_wconf 88' lang='lat' dir='ltr'><strong>atque</strong></span> <span class='ocrx_word' id='word_1_142' title='bbox 626 2080 746 2161; x_wconf 88' lang='lat' dir='ltr'><strong>Parthi,</strong></span> <span class='ocrx_word' id='word_1_143' title='bbox 770 2081 920 2144; x_wconf 67' lang='lat' dir='ltr'><strong>Armenii</strong></span> <span class='ocrx_word' id='word_1_144' title='bbox 950 2086 982 2145; x_wconf 90' lang='lat' dir='ltr'><strong>et</strong></span> <span class='ocrx_word' id='word_1_145' title='bbox 1012 2083 1148 2146; x_wconf 87' lang='lat' dir='ltr'><strong>Pacorus</strong></span> <span class='ocrx_word' id='word_1_146' title='bbox 1171 2084 1348 2148; x_wconf 80' lang='lat' dir='ltr'><strong>Edessenns</strong></span> <span class='ocrx_word' id='word_1_147' title='bbox 1379 2088 1408 2148; x_wconf 94' lang='lat' dir='ltr'><strong>in</strong></span> 
     </span>
     <span class='ocr_line' id='line_1_19' title="bbox 222 2171 1408 2271; baseline 0.001 -22"><span class='ocrx_word' id='word_1_148' title='bbox 222 2190 385 2271; x_wconf 80' lang='lat' dir='ltr'><strong>Romanam</strong></span> <span class='ocrx_word' id='word_1_149' title='bbox 415 2171 556 2247; x_wconf 81' lang='lat' dir='ltr'><strong>ditionem</strong></span> <span class='ocrx_word' id='word_1_150' title='bbox 591 2185 779 2246; x_wconf 84' lang='lat' dir='ltr'><strong>incursiones</strong></span> <span class='ocrx_word' id='word_1_151' title='bbox 807 2185 931 2248; x_wconf 85' lang='lat' dir='ltr'><strong>iaciunt.</strong></span> <span class='ocrx_word' id='word_1_152' title='bbox 973 2183 1125 2247; x_wconf 89' lang='lat' dir='ltr'><strong>Antonius</strong></span> <span class='ocrx_word' id='word_1_153' title='bbox 1152 2179 1317 2268; x_wconf 71' lang='lat' dir='ltr'><strong>&#39;receperat</strong></span> <span class='ocrx_word' id='word_1_154' title='bbox 1339 2187 1408 2250; x_wconf 91' lang='lat' dir='ltr'><strong>Ar-</strong></span> 
     </span>
     <span class='ocr_line' id='line_1_20' title="bbox 222 2279 1407 2368; baseline -0.001 -16"><span class='ocrx_word' id='word_1_155' title='bbox 222 2292 347 2352; x_wconf 85' lang='lat' dir='ltr'><strong>meniam</strong></span> <span class='ocrx_word' id='word_1_156' title='bbox 377 2292 410 2350; x_wconf 91' lang='lat' dir='ltr'><strong>et</strong></span> <span class='ocrx_word' id='word_1_157' title='bbox 431 2289 547 2349; x_wconf 86' lang='lat' dir='ltr'><strong>intres</strong></span> <span class='ocrx_word' id='word_1_158' title='bbox 568 2291 673 2368; x_wconf 88' lang='lat' dir='ltr'><strong>partes</strong></span> <span class='ocrx_word' id='word_1_159' title='bbox 695 2288 820 2364; x_wconf 85' lang='lat' dir='ltr'><strong>divisam</strong></span> <span class='ocrx_word' id='word_1_160' title='bbox 844 2279 1000 2352; x_wconf 85' lang='lat' dir='ltr'><strong>Medor&#39;um</strong></span> <span class='ocrx_word' id='word_1_161' title='bbox 1023 2290 1110 2368; x_wconf 86' lang='lat' dir='ltr'><strong>regi,</strong></span> <span class='ocrx_word' id='word_1_162' title='bbox 1142 2287 1323 2350; x_wconf 87' lang='lat' dir='ltr'><strong>Alexandro</strong></span> <span class='ocrx_word' id='word_1_163' title='bbox 1346 2289 1407 2352; x_wconf 91' lang='lat' dir='ltr'><strong>titio</strong></span> 
     </span>
     <span class='ocr_line' id='line_1_21' title="bbox 223 2377 1493 2479; baseline 0.001 -23"><span class='ocrx_word' id='word_1_164' title='bbox 223 2398 255 2456; x_wconf 89' lang='lat' dir='ltr'><strong>et</strong></span> <span class='ocrx_word' id='word_1_165' title='bbox 276 2391 432 2468; x_wconf 79' lang='lat' dir='ltr'><strong>Polemoni</strong></span> <span class='ocrx_word' id='word_1_166' title='bbox 461 2389 580 2464; x_wconf 81' lang='lat' dir='ltr'><strong>trnd1t3&#39;</strong></span> <span class='ocrx_word' id='word_1_167' title='bbox 606 2393 714 2452; x_wconf 89' lang='lat' dir='ltr'><strong>socuto</strong></span> <span class='ocrx_word' id='word_1_168' title='bbox 738 2377 845 2452; x_wconf 78' lang='lat' dir='ltr'><strong>antoni</strong></span> <span class='ocrx_word' id='word_1_169' title='bbox 863 2389 948 2452; x_wconf 85' lang='lat' dir='ltr'><strong>betto</strong></span> <span class='ocrx_word' id='word_1_170' title='bbox 971 2391 1052 2452; x_wconf 85' lang='lat' dir='ltr'><strong>civiti</strong></span> <span class='ocrx_word' id='word_1_171' title='bbox 1074 2389 1200 2454; x_wconf 82' lang='lat' dir='ltr'><strong>Antonii</strong></span> <span class='ocrx_word' id='word_1_172' title='bbox 1221 2411 1285 2479; x_wconf 81' lang='lat' dir='ltr'><strong>cnm</strong></span> <span class='ocrx_word' id='word_1_173' title='bbox 1308 2391 1407 2454; x_wconf 83' lang='lat' dir='ltr'><strong>Octa·</strong></span> <span class='ocrx_word' id='word_1_174' title='bbox 1492 2399 1493 2457; x_wconf 84' lang='lat' dir='ltr'><strong>t</strong></span> 
     </span>
    </p>

    <p class='ocr_par' dir='ltr' id='par_1_6' title="bbox 13 2476 1492 4328">
     <span class='ocr_line' id='line_1_22' title="bbox 150 2476 1492 2576; baseline -0.001 -19"><span class='ocrx_word' id='word_1_175' title='bbox 150 2567 154 2574; x_wconf 90' lang='lat'><em>.</em></span> <span class='ocrx_word' id='word_1_176' title='bbox 222 2498 291 2576; x_wconf 79' lang='lat' dir='ltr'><strong>vio,</strong></span> <span class='ocrx_word' id='word_1_177' title='bbox 327 2493 477 2556; x_wconf 77' lang='lat' dir='ltr'><strong>Phraates</strong></span> <span class='ocrx_word' id='word_1_178' title='bbox 493 2489 655 2554; x_wconf 85' lang='lat' dir='ltr'><strong>¹Arsacida</strong></span> <span class='ocrx_word' id='word_1_179' title='bbox 685 2495 717 2552; x_wconf 86' lang='lat' dir='ltr'><strong>ot</strong></span> <span class='ocrx_word' id='word_1_180' title='bbox 745 2476 911 2572; x_wconf 85' lang='lat' dir='ltr'><strong>Arsam&#39;us,</strong></span> <span class='ocrx_word' id='word_1_181' title='bbox 940 2493 1036 2554; x_wconf 88' lang='lat' dir='ltr'><strong>irater</strong></span> <span class='ocrx_word' id='word_1_182' title='bbox 1063 2493 1210 2572; x_wconf 81' lang='lat' dir='ltr'><strong>Tigranis</strong></span> <span class='ocrx_word' id='word_1_183' title='bbox 1232 2494 1406 2556; x_wconf 78' lang='lat' dir='ltr'><strong>Armeniam</strong></span> <span class='ocrx_word' id='word_1_184' title='bbox 1491 2479 1492 2516; x_wconf 35' lang='lat' dir='ltr'><strong>A</strong></span> 
     </span>
     <span class='ocr_line' id='line_1_23' title="bbox 222 2592 1405 2680; baseline -0.002 -20"><span class='ocrx_word' id='word_1_185' title='bbox 222 2602 382 2680; x_wconf 88' lang='lat' dir='ltr'><strong>occupant.</strong></span> <span class='ocrx_word' id='word_1_186' title='bbox 426 2593 574 2658; x_wconf 84' lang='lat' dir='ltr'><strong>Arsainus</strong></span> <span class='ocrx_word' id='word_1_187' title='bbox 596 2592 767 2656; x_wconf 86' lang='lat' dir='ltr'><strong>Armeniam</strong></span> <span class='ocrx_word' id='word_1_188' title='bbox 785 2595 964 2654; x_wconf 82' lang='lat' dir='ltr'><strong>interiorem</strong></span> <span class='ocrx_word' id='word_1_189' title='bbox 987 2596 1126 2677; x_wconf 80' lang='lat' dir='ltr'><strong>possedit</strong></span> <span class='ocrx_word' id='word_1_190' title='bbox 1148 2601 1180 2660; x_wconf 74' lang='lat' dir='ltr'><strong>iet</strong></span> <span class='ocrx_word' id='word_1_191' title='bbox 1201 2619 1266 2662; x_wconf 93' lang='lat' dir='ltr'><strong>cum</strong></span> <span class='ocrx_word' id='word_1_192' title='bbox 1288 2599 1405 2660; x_wconf 87' lang='lat' dir='ltr'><strong>Roma-</strong></span> 
     </span>
     <span class='ocr_line' id='line_1_24' title="bbox 221 2693 1405 2782; baseline -0.001 -20"><span class='ocrx_word' id='word_1_193' title='bbox 221 2702 267 2762; x_wconf 87' lang='lat' dir='ltr'><strong>nis</strong></span> <span class='ocrx_word' id='word_1_194' title='bbox 280 2719 385 2782; x_wconf 89' lang='lat' dir='ltr'><strong>paoem</strong></span> <span class='ocrx_word' id='word_1_195' title='bbox 399 2700 480 2772; x_wconf 82' lang='lat' dir='ltr'><strong>iniii3</strong></span> <span class='ocrx_word' id='word_1_196' title='bbox 499 2697 620 2758; x_wconf 86' lang='lat' dir='ltr'><strong>Arsami</strong></span> <span class='ocrx_word' id='word_1_197' title='bbox 638 2697 717 2757; x_wconf 87' lang='lat' dir='ltr'><strong>fitius</strong></span> <span class='ocrx_word' id='word_1_198' title='bbox 734 2700 767 2758; x_wconf 90' lang='lat' dir='ltr'><strong>et</strong></span> <span class='ocrx_word' id='word_1_199' title='bbox 782 2693 944 2758; x_wconf 84' lang='lat' dir='ltr'><strong>successor</strong></span> <span class='ocrx_word' id='word_1_200' title='bbox 958 2697 1059 2759; x_wconf 82' lang='lat' dir='ltr'><strong>tontes</strong></span> <span class='ocrx_word' id='word_1_201' title='bbox 1077 2717 1103 2758; x_wconf 89' lang='lat' dir='ltr'><strong>s.</strong></span> <span class='ocrx_word' id='word_1_202' title='bbox 1119 2698 1277 2777; x_wconf 88' lang='lat' dir='ltr'><strong>Abgnrns.</strong></span> <span class='ocrx_word' id='word_1_203' title='bbox 1301 2698 1405 2763; x_wconf 75' lang='lat' dir='ltr'><strong>Cium-</strong></span> 
     </span>
     <span class='ocr_line' id='line_1_25' title="bbox 13 2795 1405 2887; baseline -0.001 -22"><span class='ocrx_word' id='word_1_204' title='bbox 13 2863 14 2874; x_wconf 67' lang='grc'>,</span> <span class='ocrx_word' id='word_1_205' title='bbox 144 2807 145 2813; x_wconf 77' lang='grc'>’</span> <span class='ocrx_word' id='word_1_206' title='bbox 221 2805 285 2876; x_wconf 81' lang='lat' dir='ltr'><strong>cion</strong></span> <span class='ocrx_word' id='word_1_207' title='bbox 300 2795 605 2887; x_wconf 78' lang='lat' dir='ltr'><strong>(Tachamtschean)‚</strong></span> <span class='ocrx_word' id='word_1_208' title='bbox 626 2797 849 2878; x_wconf 79' lang='lat' dir='ltr'><strong>Mochitarista·‚</strong></span> <span class='ocrx_word' id='word_1_209' title='bbox 864 2796 1025 2866; x_wconf 83' lang='lat' dir='ltr'><strong>Ars‘amum</strong></span> <span class='ocrx_word' id='word_1_210' title='bbox 1039 2817 1098 2863; x_wconf 91' lang='lat' dir='ltr'><strong>non</strong></span> <span class='ocrx_word' id='word_1_211' title='bbox 1114 2795 1230 2864; x_wconf 84' lang='lat' dir='ltr'><strong>dubitat</strong></span> <span class='ocrx_word' id='word_1_212' title='bbox 1244 2820 1315 2863; x_wconf 80' lang='lat' dir='ltr'><strong>esre</strong></span> <span class='ocrx_word' id='word_1_213' title='bbox 1328 2803 1405 2863; x_wconf 88' lang='lat' dir='ltr'><strong>Mo-</strong></span> 
     </span>
     <span class='ocr_line' id='line_1_26' title="bbox 199 2894 1404 2987; baseline -0.002 -19"><span class='ocrx_word' id='word_1_214' title='bbox 199 2907 384 2987; x_wconf 76' lang='lat' dir='ltr'><strong>&#39;nobannm,</strong></span> <span class='ocrx_word' id='word_1_215' title='bbox 409 2905 569 2982; x_wconf 81' lang='lat' dir='ltr'><strong>Abgarum</strong></span> <span class='ocrx_word' id='word_1_216' title='bbox 592 2904 691 2962; x_wconf 88' lang='lat' dir='ltr'><strong>nutem</strong></span> <span class='ocrx_word' id='word_1_217' title='bbox 704 2900 836 2974; x_wconf 84' lang='lat' dir='ltr'><strong>tnatem3</strong></span> <span class='ocrx_word' id='word_1_218' title='bbox 860 2901 1020 2984; x_wconf 88' lang='lat' dir='ltr'><strong>otrum&#39;que</strong></span> <span class='ocrx_word' id='word_1_219' title='bbox 1036 2894 1210 2966; x_wconf 58' lang='lat' dir='ltr'><strong>Armenian}</strong></span> <span class='ocrx_word' id='word_1_220' title='bbox 1232 2906 1404 2966; x_wconf 84' lang='lat' dir='ltr'><strong>interiorem</strong></span> 
     </span>
     <span class='ocr_line' id='line_1_27' title="bbox 220 3001 1405 3084; baseline -0.001 -13"><span class='ocrx_word' id='word_1_221' title='bbox 220 3010 398 3072; x_wconf 85' lang='lat' dir='ltr'><strong>obtinuisse.</strong></span> <span class='ocrx_word' id='word_1_222' title='bbox 431 3009 528 3068; x_wconf 76' lang='lat' dir='ltr'><strong>Etiam</strong></span> <span class='ocrx_word' id='word_1_223' title='bbox 544 3001 742 3084; x_wconf 86' lang='lat' dir='ltr'><strong>httchnetem,</strong></span> <span class='ocrx_word' id='word_1_224' title='bbox 766 3003 965 3084; x_wconf 89' lang='lat' dir='ltr'><strong>patriarcham</strong></span> <span class='ocrx_word' id='word_1_225' title='bbox 983 3005 1131 3084; x_wconf 85' lang='lat' dir='ltr'><strong>Syrorum</strong></span> <span class='ocrx_word' id='word_1_226' title='bbox 1148 3006 1177 3067; x_wconf 94' lang='lat' dir='ltr'><strong>in</strong></span> <span class='ocrx_word' id='word_1_227' title='bbox 1193 3011 1282 3070; x_wconf 87' lang='lat' dir='ltr'><strong>tract.</strong></span> <span class='ocrx_word' id='word_1_228' title='bbox 1296 3006 1405 3070; x_wconf 90' lang='lat' dir='ltr'><strong>histor.</strong></span> 
     </span>
     <span class='ocr_line' id='line_1_28' title="bbox 219 3099 1405 3190; baseline 0.001 -18"><span class='ocrx_word' id='word_1_229' title='bbox 219 3114 251 3173; x_wconf 89' lang='lat' dir='ltr'><strong>et</strong></span> <span class='ocrx_word' id='word_1_230' title='bbox 279 3110 458 3187; x_wconf 79' lang='lat' dir='ltr'><strong>chronolog.</strong></span> <span class='ocrx_word' id='word_1_231' title='bbox 490 3107 549 3190; x_wconf 75' lang='lat' dir='ltr'><strong>(m.</strong></span> <span class='ocrx_word' id='word_1_232' title='bbox 578 3103 630 3187; x_wconf 78' lang='lat' dir='ltr'><strong>S.)</strong></span> <span class='ocrx_word' id='word_1_233' title='bbox 661 3109 785 3186; x_wconf 87' lang='lat' dir='ltr'><strong>testari,</strong></span> <span class='ocrx_word' id='word_1_234' title='bbox 813 3099 973 3184; x_wconf 79' lang='lat' dir='ltr'><strong>Abgarum</strong></span> <span class='ocrx_word' id='word_1_235' title='bbox 1002 3109 1099 3170; x_wconf 85' lang='lat' dir='ltr'><strong>tuisse</strong></span> <span class='ocrx_word' id='word_1_236' title='bbox 1118 3109 1274 3190; x_wconf 80' lang='lat' dir='ltr'><strong>Syrorum·</strong></span> <span class='ocrx_word' id='word_1_237' title='bbox 1295 3131 1405 3190; x_wconf 85' lang='lat' dir='ltr'><strong>regem</strong></span> 
     </span>
     <span class='ocr_line' id='line_1_29' title="bbox 214 3201 1406 3291; baseline 0 -15"><span class='ocrx_word' id='word_1_238' title='bbox 214 3219 251 3276; x_wconf 86' lang='lat' dir='ltr'><strong>ct</strong></span> <span class='ocrx_word' id='word_1_239' title='bbox 279 3213 498 3274; x_wconf 90' lang='lat' dir='ltr'><strong>Armeniorum.</strong></span> <span class='ocrx_word' id='word_1_240' title='bbox 547 3207 661 3268; x_wconf 79' lang='lat' dir='ltr'><strong>instem</strong></span> <span class='ocrx_word' id='word_1_241' title='bbox 696 3201 880 3270; x_wconf 84' lang='lat' dir='ltr'><strong>contendunt</strong></span> <span class='ocrx_word' id='word_1_242' title='bbox 914 3209 990 3270; x_wconf 91' lang='lat' dir='ltr'><strong>idem</strong></span> <span class='ocrx_word' id='word_1_243' title='bbox 1025 3205 1257 3289; x_wconf 58' lang='lat' dir='ltr'><strong>signiticaredo</strong></span> <span class='ocrx_word' id='word_1_244' title='bbox 1287 3214 1406 3291; x_wconf 91' lang='lat' dir='ltr'><strong>tinguis</strong></span> 
     </span>
     <span class='ocr_line' id='line_1_30' title="bbox 219 3309 1428 3396; baseline 0 -18"><span class='ocrx_word' id='word_1_245' title='bbox 219 3313 433 3393; x_wconf 83' lang='lat' dir='ltr'><strong>orientalibus,</strong></span> <span class='ocrx_word' id='word_1_246' title='bbox 470 3310 550 3396; x_wconf 89' lang='lat' dir='ltr'><strong>qnod</strong></span> <span class='ocrx_word' id='word_1_247' title='bbox 576 3309 726 3389; x_wconf 85' lang='lat' dir='ltr'><strong>Avagair</strong></span> <span class='ocrx_word' id='word_1_248' title='bbox 756 3310 954 3392; x_wconf 85' lang='lat' dir='ltr'><strong>Armentace,</strong></span> <span class='ocrx_word' id='word_1_249' title='bbox 991 3313 1110 3377; x_wconf 87' lang='lat' dir='ltr'><strong>scilicet</strong></span> <span class='ocrx_word' id='word_1_250' title='bbox 1131 3314 1275 3378; x_wconf 88' lang='lat' dir='ltr'><strong>homiuem</strong></span> <span class='ocrx_word' id='word_1_251' title='bbox 1299 3309 1428 3378; x_wconf 51' lang='lat' dir='ltr'><strong>vene?</strong></span> 
     </span>
     <span class='ocr_line' id='line_1_31' title="bbox 215 3417 1278 3482; baseline -0.007 -1"><span class='ocrx_word' id='word_1_252' title='bbox 215 3417 350 3482; x_wconf 82' lang='lat' dir='ltr'><strong>rabilem.</strong></span> <span class='ocrx_word' id='word_1_253' title='bbox 1188 3421 1195 3438; x_wconf 77' lang='lat'>⁸</span> <span class='ocrx_word' id='word_1_254' title='bbox 1262 3463 1278 3474; x_wconf 89' lang='lat'><strong>-.</strong></span> 
     </span>
     <span class='ocr_line' id='line_1_32' title="bbox 318 3499 1472 3600; baseline 0.002 -18"><span class='ocrx_word' id='word_1_255' title='bbox 318 3522 414 3582; x_wconf 90' lang='lat' dir='ltr'><strong>Porro</strong></span> <span class='ocrx_word' id='word_1_256' title='bbox 436 3519 465 3579; x_wconf 91' lang='lat' dir='ltr'><strong>in</strong></span> <span class='ocrx_word' id='word_1_257' title='bbox 482 3517 603 3581; x_wconf 90' lang='lat' dir='ltr'><strong>Arsami</strong></span> <span class='ocrx_word' id='word_1_258' title='bbox 619 3521 650 3580; x_wconf 90' lang='lat' dir='ltr'><strong>et</strong></span> <span class='ocrx_word' id='word_1_259' title='bbox 664 3516 757 3580; x_wconf 82' lang='lat' dir='ltr'><strong>luatis</strong></span> <span class='ocrx_word' id='word_1_260' title='bbox 771 3515 897 3578; x_wconf 87' lang='lat' dir='ltr'><strong>historia</strong></span> <span class='ocrx_word' id='word_1_261' title='bbox 907 3516 1067 3600; x_wconf 80' lang='lat' dir='ltr'><strong>Girbiedus</strong></span> <span class='ocrx_word' id='word_1_262' title='bbox 1081 3525 1113 3584; x_wconf 88' lang='lat' dir='ltr'><strong>et</strong></span> <span class='ocrx_word' id='word_1_263' title='bbox 1126 3521 1274 3586; x_wconf 85' lang='lat' dir='ltr'><strong>Martinus</strong></span> <span class='ocrx_word' id='word_1_264' title='bbox 1288 3521 1402 3584; x_wconf 84' lang='lat' dir='ltr'><strong>Mosen</strong></span> <span class='ocrx_word' id='word_1_265' title='bbox 1466 3499 1472 3506; x_wconf 46' lang='lat'><em>⁰</em></span> 
     </span>
     <span class='ocr_line' id='line_1_33' title="bbox 217 3619 1404 3708; baseline -0.003 -20"><span class='ocrx_word' id='word_1_266' title='bbox 217 3623 440 3689; x_wconf 82' lang='lat' dir='ltr'><strong>Chorenensem</strong></span> <span class='ocrx_word' id='word_1_267' title='bbox 471 3640 580 3703; x_wconf 89' lang='lat' dir='ltr'><strong>presse</strong></span> <span class='ocrx_word' id='word_1_268' title='bbox 610 3622 708 3685; x_wconf 84' lang='lat' dir='ltr'><strong>secuti</strong></span> <span class='ocrx_word' id='word_1_269' title='bbox 740 3621 908 3700; x_wconf 74' lang='lat' dir='ltr'><strong>scriptores</strong></span> <span class='ocrx_word' id='word_1_270' title='bbox 933 3619 1087 3708; x_wconf 84' lang='lat' dir='ltr'><strong>Romanos</strong></span> <span class='ocrx_word' id='word_1_271' title='bbox 1114 3625 1227 3686; x_wconf 89' lang='lat' dir='ltr'><strong>erroris</strong></span> <span class='ocrx_word' id='word_1_272' title='bbox 1253 3628 1404 3702; x_wconf 76' lang='lat' dir='ltr'><strong>arguunt.</strong></span> 
     </span>
     <span class='ocr_line' id='line_1_34' title="bbox 214 3715 1402 3808; baseline -0.002 -18"><span class='ocrx_word' id='word_1_273' title='bbox 214 3729 372 3791; x_wconf 88' lang='lat' dir='ltr'><strong>Arsamnm</strong></span> <span class='ocrx_word' id='word_1_274' title='bbox 402 3715 477 3788; x_wconf 83' lang='lat' dir='ltr'><strong>enim</strong></span> <span class='ocrx_word' id='word_1_275' title='bbox 507 3744 577 3788; x_wconf 90' lang='lat' dir='ltr'><strong>esse</strong></span> <span class='ocrx_word' id='word_1_276' title='bbox 602 3727 711 3806; x_wconf 87' lang='lat' dir='ltr'><strong>putant</strong></span> <span class='ocrx_word' id='word_1_277' title='bbox 734 3721 892 3800; x_wconf 85' lang='lat' dir='ltr'><strong>Abgarum</strong></span> <span class='ocrx_word' id='word_1_278' title='bbox 918 3723 1051 3808; x_wconf 78' lang='lat' dir='ltr'><strong>Uchama</strong></span> <span class='ocrx_word' id='word_1_279' title='bbox 1080 3727 1402 3804; x_wconf 74' lang='lat' dir='ltr'><strong>dicturn;‚Arsamum</strong></span> 
     </span>
     <span class='ocr_line' id='line_1_35' title="bbox 215 3815 1400 3908; baseline -0.002 -17"><span class='ocrx_word' id='word_1_280' title='bbox 215 3834 246 3891; x_wconf 88' lang='lat' dir='ltr'><strong>et</strong></span> <span class='ocrx_word' id='word_1_281' title='bbox 282 3829 395 3890; x_wconf 87' lang='lat' dir='ltr'><strong>lnatern</strong></span> <span class='ocrx_word' id='word_1_282' title='bbox 435 3827 573 3890; x_wconf 79' lang='lat' dir='ltr'><strong>Edessae</strong></span> <span class='ocrx_word' id='word_1_283' title='bbox 612 3829 713 3888; x_wconf 81' lang='lat' dir='ltr'><strong>sedem</strong></span> <span class='ocrx_word' id='word_1_284' title='bbox 747 3823 909 3905; x_wconf 85' lang='lat' dir='ltr'><strong>habuisse,</strong></span> <span class='ocrx_word' id='word_1_285' title='bbox 944 3815 1083 3892; x_wconf 80' lang='lat' dir='ltr'><strong>Tacitum</strong></span> <span class='ocrx_word' id='word_1_286' title='bbox 1112 3829 1209 3906; x_wconf 85' lang='lat' dir='ltr'><strong>igitur</strong></span> <span class='ocrx_word' id='word_1_287' title='bbox 1238 3829 1400 3908; x_wconf 80' lang='lat' dir='ltr'><strong>Abgarum</strong></span> 
     </span>
     <span class='ocr_line' id='line_1_36' title="bbox 213 3927 1491 4015; baseline -0.005 -21"><span class='ocrx_word' id='word_1_288' title='bbox 213 3933 399 3994; x_wconf 79' lang='lat' dir='ltr'><strong>Edessennm</strong></span> <span class='ocrx_word' id='word_1_289' title='bbox 423 3929 582 3993; x_wconf 86' lang='lat' dir='ltr'><strong>etlnatem</strong></span> <span class='ocrx_word' id='word_1_290' title='bbox 596 3927 785 3991; x_wconf 81' lang='lat' dir='ltr'><strong>Adiabenum</strong></span> <span class='ocrx_word' id='word_1_291' title='bbox 808 3927 884 3988; x_wconf 89' lang='lat' dir='ltr'><strong>maie</strong></span> <span class='ocrx_word' id='word_1_292' title='bbox 908 3928 985 4000; x_wconf 77' lang='lat' dir='ltr'><strong>duos</strong></span> <span class='ocrx_word' id='word_1_293' title='bbox 1006 3948 1103 4008; x_wconf 88' lang='lat' dir='ltr'><strong>reges</strong></span> <span class='ocrx_word' id='word_1_294' title='bbox 1126 3929 1288 4014; x_wconf 81' lang='lat' dir='ltr'><strong>habuisse,</strong></span> <span class='ocrx_word' id='word_1_295' title='bbox 1310 3950 1400 4015; x_wconf 91' lang='lat' dir='ltr'><strong>quum</strong></span> <span class='ocrx_word' id='word_1_296' title='bbox 1490 3971 1491 3988; x_wconf 48' lang='lat' dir='ltr'><strong>a</strong></span> 
     </span>
     <span class='ocr_line' id='line_1_37' title="bbox 212 4028 1401 4112; baseline -0.002 -15"><span class='ocrx_word' id='word_1_297' title='bbox 212 4037 290 4097; x_wconf 91' lang='lat' dir='ltr'><strong>idem</strong></span> <span class='ocrx_word' id='word_1_298' title='bbox 314 4033 524 4112; x_wconf 88' lang='lat' dir='ltr'><strong>Abgarus&#39;et</strong></span> <span class='ocrx_word' id='word_1_299' title='bbox 553 4031 690 4094; x_wconf 80' lang='lat' dir='ltr'><strong>Edessae</strong></span> <span class='ocrx_word' id='word_1_300' title='bbox 718 4031 750 4090; x_wconf 88' lang='lat' dir='ltr'><strong>ct</strong></span> <span class='ocrx_word' id='word_1_301' title='bbox 780 4029 809 4088; x_wconf 92' lang='lat' dir='ltr'><strong>in</strong></span> <span class='ocrx_word' id='word_1_302' title='bbox 833 4028 992 4095; x_wconf 88' lang='lat' dir='ltr'><strong>Adiabene</strong></span> <span class='ocrx_word' id='word_1_303' title='bbox 1020 4037 1211 4112; x_wconf 86' lang='lat' dir='ltr'><strong>regnaverit.</strong></span> <span class='ocrx_word' id='word_1_304' title='bbox 1256 4035 1300 4098; x_wconf 92' lang='lat' dir='ltr'><strong>At</strong></span> <span class='ocrx_word' id='word_1_305' title='bbox 1323 4053 1401 4096; x_wconf 81' lang='lat' dir='ltr'><strong>vero</strong></span> 
     </span>
     <span class='ocr_line' id='line_1_38' title="bbox 211 4115 1401 4222; baseline 0.001 -24"><span class='ocrx_word' id='word_1_306' title='bbox 211 4137 270 4200; x_wconf 91' lang='lat' dir='ltr'><strong>hoc</strong></span> <span class='ocrx_word' id='word_1_307' title='bbox 298 4139 366 4222; x_wconf 89' lang='lat' dir='ltr'><strong>ipso</strong></span> <span class='ocrx_word' id='word_1_308' title='bbox 387 4136 455 4198; x_wconf 92' lang='lat' dir='ltr'><strong>loco</strong></span> <span class='ocrx_word' id='word_1_309' title='bbox 478 4133 595 4196; x_wconf 87' lang='lat' dir='ltr'><strong>residet</strong></span> <span class='ocrx_word' id='word_1_310' title='bbox 614 4129 784 4212; x_wconf 87' lang='lat' dir='ltr'><strong>scrupulus.</strong></span> <span class='ocrx_word' id='word_1_311' title='bbox 830 4115 1009 4218; x_wconf 76' lang='lat' dir='ltr'><strong>supplenda</strong></span> <span class='ocrx_word' id='word_1_312' title='bbox 1029 4150 1102 4212; x_wconf 80' lang='lat' dir='ltr'><strong>sane</strong></span> <span class='ocrx_word' id='word_1_313' title='bbox 1124 4141 1174 4201; x_wconf 89' lang='lat' dir='ltr'><strong>est</strong></span> <span class='ocrx_word' id='word_1_314' title='bbox 1196 4139 1401 4216; x_wconf 83' lang='lat' dir='ltr'><strong>Romanorum</strong></span> 
     </span>
     <span class='ocr_line' id='line_1_39' title="bbox 211 4227 1403 4328; baseline 0.002 -28"><span class='ocrx_word' id='word_1_315' title='bbox 211 4239 337 4303; x_wconf 90' lang='lat' dir='ltr'><strong>historia</strong></span> <span class='ocrx_word' id='word_1_316' title='bbox 375 4257 417 4301; x_wconf 86' lang='lat' dir='ltr'><strong>ex</strong></span> <span class='ocrx_word' id='word_1_317' title='bbox 452 4235 651 4326; x_wconf 86' lang='lat' dir='ltr'><strong>scriptoribus</strong></span> <span class='ocrx_word' id='word_1_318' title='bbox 683 4232 854 4309; x_wconf 85' lang='lat' dir='ltr'><strong>Armeniis3</strong></span> <span class='ocrx_word' id='word_1_319' title='bbox 894 4237 968 4298; x_wconf 85' lang='lat' dir='ltr'><strong>sed¹</strong></span> <span class='ocrx_word' id='word_1_320' title='bbox 994 4241 1026 4302; x_wconf 93' lang='lat' dir='ltr'><strong>et</strong></span> <span class='ocrx_word' id='word_1_321' title='bbox 1053 4227 1197 4309; x_wconf 75' lang='lat' dir='ltr'><strong>Armenii</strong></span> <span class='ocrx_word' id='word_1_322' title='bbox 1226 4231 1403 4328; x_wconf 60' lang='lat' dir='ltr'><strong>castigandi</strong></span> 
     </span>
    </p>
   </div>
   <div class='ocr_carea' id='block_1_3' title="bbox 211 4334 1491 4553">
    <p class='ocr_par' dir='ltr' id='par_1_7' title="bbox 211 4334 1491 4553">
     <span class='ocr_line' id='line_1_40' title="bbox 211 4334 1404 4426; baseline -0.002 -20"><span class='ocrx_word' id='word_1_323' title='bbox 211 4346 282 4410; x_wconf 89' lang='lat' dir='ltr'><strong>sunt</strong></span> <span class='ocrx_word' id='word_1_324' title='bbox 306 4345 339 4408; x_wconf 89' lang='lat' dir='ltr'><strong>et</strong></span> <span class='ocrx_word' id='word_1_325' title='bbox 362 4341 492 4404; x_wconf 85' lang='lat' dir='ltr'><strong>maxime</strong></span> <span class='ocrx_word' id='word_1_326' title='bbox 515 4339 554 4401; x_wconf 90' lang='lat' dir='ltr'><strong>dc</strong></span> <span class='ocrx_word' id='word_1_327' title='bbox 575 4337 674 4402; x_wconf 87' lang='lat' dir='ltr'><strong>lttosis</strong></span> <span class='ocrx_word' id='word_1_328' title='bbox 695 4334 900 4404; x_wconf 80' lang='lat' dir='ltr'><strong>Chorencnsts</strong></span> <span class='ocrx_word' id='word_1_329' title='bbox 919 4340 979 4404; x_wconf 87' lang='lat' dir='ltr'><strong>tide</strong></span> <span class='ocrx_word' id='word_1_330' title='bbox 1001 4341 1206 4410; x_wconf 88' lang='lat' dir='ltr'><strong>dubitandum.</strong></span> <span class='ocrx_word' id='word_1_331' title='bbox 1249 4343 1285 4407; x_wconf 93' lang='lat' dir='ltr'><strong>ld</strong></span> <span class='ocrx_word' id='word_1_332' title='bbox 1302 4345 1404 4426; x_wconf 92' lang='lat' dir='ltr'><strong>ipsum</strong></span> 
     </span>
     <span class='ocr_line' id='line_1_41' title="bbox 377 4449 1491 4553; baseline 0.003 -47"><span class='ocrx_word' id='word_1_333' title='bbox 377 4469 380 4474; x_wconf 57' lang='lat'><strong><em>¹</em></strong></span> <span class='ocrx_word' id='word_1_334' title='bbox 1340 4449 1403 4526; x_wconf 87' lang='lat' dir='ltr'><strong>est,</strong></span> <span class='ocrx_word' id='word_1_335' title='bbox 1490 4475 1491 4553; x_wconf 52' lang='lat' dir='ltr'><strong>p</strong></span> 
     </span>
    </p>
   </div>
   <div class='ocr_carea' id='block_1_4' title="bbox 0 0 1512 5008">
    <p class='ocr_par' dir='ltr' id='par_1_8' title="bbox 0 0 1512 5008">
     <span class='ocr_line' id='line_1_42' title="bbox 0 0 1512 5008; baseline 0 3"><span class='ocrx_word' id='word_1_336' title='bbox 0 0 1512 5008; x_wconf 95' lang='lat' dir='ltr'><strong> </strong></span> 
     </span>
    </p>
   </div>
  </div>
 </body>
</html>
