2956 5004
194 261 259 330 280

196 435 374 519 liscanque,
404 434 566 499 cuiuslibet
583 437 709 514 generis
726 432 766 521 ¹).
811 433 882 516 lpse
903 430 1004 498 Adam
1021 430 1046 494 l.
1069 428 1145 495 Cor.
1165 427 1237 524 XV,
1257 423 1276 492 ὅ
1295 433 1395 511 πρῶ-

198 575 251 627 τος
271 549 440 637 ἄνθρωπος
462 555 491 615 in
515 553 658 616 versione
681 558 787 620 nostra
802 553 919 626 'dieitur
942 535 1062 634 hiso
1080 549 1159 611 unde
1179 547 1394 610 certissimum

200 673 268 752 est,
306 673 441 735 naturam
477 671 632 733 humanam
667 671 725 737 lrac
762 689 840 736 voce
877 665 1034 732 indicari.'
1063 666 1155 752 Pilati
1186 664 1283 726 verba
1314 663 1389 727 loa.

199 785 295 870 XIX,
316 787 349 852 6.
372 779 438 850 toci
456 782 473 850 ὅ
491 784 659 870 ἄνθρωπος
677 791 715 852 ab
732 789 898 870 interprete
916 755 1022 850 nostro
1041 783 1208 846 redduntur
1225 764 1394 898 lQot

185 921 258 983 ¹sed
277 921 371 984 multo
392 923 505 984 rectius
527 924 557 984 in
579 923 724 986 versione
745 921 966 1008 Philoxeniana
988 901 1106 1005 hig-0
1133 911 1195 977 00¹1
1219 900 1280 993 ῙΟῚ.
1328 918 1392 982 Si-

202 1039 264 1102 mili
290 1036 380 1102 modo
411 1039 515 1102 David
548 1040 701 1104 exclamat
731 1040 784 1101 Ps.
812 1029 910 1100 Vlllz'
945 1038 1020 1122 Quis
1053 1038 1173 1106 tandem
1198 1039 1251 1100 'est
1279 1035 1409 1118 homo,
1444 1093 1448 1100 .

204 1143 269 1224 quis
304 1143 383 1224 iilius
418 1137 568 1206 hominist
602 1143 660 1206 list
687 1145 787 1206 autem
818 1131 985 1204 onser'vatu
1016 1141 1155 1220 dignum,
1180 1138 1272 1220 'quod
1302 1141 1392 1222 apud

202 1241 395 1305 Ezechielem
424 1245 605 1326 saepissime
638 1243 766 1306 formula
796 1243 912 1322 iegitur
935 1255 997 1308 nure
1020 1257 1053 1332 p:
1079 1245 1111 1305 et
1132 1242 1238 1303 deinde
1259 1243 1290 1303 in
1314 1243 1391 1303 Da-

204 1344 284 1406 niele
314 1346 449 1419 Messias
482 1348 658 1430 depingitur
688 1347 816 1426 aspectu
847 1346 952 1406 similis
979 1345 1040 1406 tilio
1068 1343 1210 1404 hominis:
1253 1345 1391 1426 uterque

205 1448 282 1508 enim
300 1446 458 1524 Arauraeo·
477 1449 611 1511 idiomati
630 1448 800 1528 proximus.
844 1446 945 1533 Quare
967 1443 1149 1508 mirabantur
1168 1443 1290 1524 ludaei,
1313 1447 1388 1528 quid

205 1549 264 1630 silai
284 1551 384 1614 vellet
406 1549 547 1614 Christus
569 1537 809 1612 denominatione
832 1549 904 1628 illa,
926 1550 994 1632 quis
1014 1550 1101 1610 esset
1115 1549 1174 1609 iste
1190 1547 1268 1607 iilius
1282 1545 1390 1628 homi-

207 1645 324 1733 nis²)‘t
358 1653 435 1713 Nam
469 1652 585 1711 omnino
617 1650 728 1712 nullam
756 1649 814 1712 lnoc
841 1635 958 1712 nomen·
973 1667 1048 1732 prae
1064 1642 1105 1710 'se
1130 1649 1250 1711 ferebat
1272 1649 1390 1712 distin-

206 1751 352 1834 ctionem,
382 1753 516 1824 exclusit
538 1751 705 1834 poientlam
728 1753 842 1813 omnem
865 1756 898 1816 et
922 1753 1128 1831 maiestatem,
1157 1751 1227 1812 nihii
1244 1769 1391 1832 expres-

206 1854 263 1934 sit,
294 1854 376 1937 quod
404 1855 574 1936 placuisset
603 1855 636 1914 et
657 1870 717 1934 quo
739 1855 942 1930 attendissent
962 1853 1110 1914 homines.
1152 1853 1218 1917 Sed
1235 1853 1266 1914 id
1285 1855 1390 1935 ipsum

184 1957 274 2035 est,
294 1957 393 2039 ,quod
416 1941 530 2048 Paulus
557 1955 699 2036 scripsit,
734 1974 769 2018 se
798 1937 973 2019 exinanisse
1003 1956 1103 2017 lesum
1128 1957 1160 2018 et
1181 1972 1252 2016 esse
1273 1973 1389 2037 reper-

207 2057 268 2118 tum
295 2055 328 2120 ἐν
358 2054 536 2142 ὁμοιώματι·
553 2055 742 2139 ἀνθρώπου,
772 2057 867 2121 forma
891 2059 976 2121 servi
998 2061 1143 2122 assumta.
1187 2056 1276 2143 Quod
1295 2057 1389 2120 lilium

206 2155 332 2220 hominis
354 2180 389 2222 sc
412 2161 581 2242 appellavit
603 2157 760 2239 Christus,
784 2177 821 2222 eo
845 2161 976 2222 testatus
997 2163 1046 2224 est
1068 2178 1104 2222 se
1125 2157 1228 2234 eorum
1251 2159 1390 2241 fratrem,

209 2262 262 2344 qui
291 2279 362 2324 esse
393 2281 428 2323 sc
456 2261 593 2359 homines
627 2261 814 2324 meminerint
842 2263 874 2322 et
899 2259 1017 2323 humani
1048 2262 1120 2324 nihil
1147 2281 1180 2338 a¹
1195 2280 1229 2323 se
1257 2263 1387 2324 alienum

207 2365 327 2444 putent.
374 2363 540 2441 ingressus
569 2365 621 2426 ille
649 2364 680 2424 in
706 2363 861 2444 mundum,
898 2365 1023 2426 eundem
1048 2364 1147 2430 locum
1177 2365 1309 2454 partitus
1337 2369 1389 2430 est

209 2483 276 2542 cunr
295 2458 470 2530 animalibus
491 2457 589 2528 brutis
603 2469 701 2556 ptque
722 2485 764 2527 cx
784 2465 890 2528 mundo
909 2467 1061 2528 rediturus
1084 2467 1122 2530 ad
1143 2467 1282 2546 Patrem,
1306 2467 1387 2528 unde

208 2569 357 2649 venerat,
394 2587 459 2630 cum
489 2569 649 2632 sceleratis
679 2570 852 2640 numeratus
876 2571 934 2631 est.
978 2569 1096 2631 Etenim
1117 2570 1147 2631 in
1170 2568 1306 2629 mundum
1326 2586 1386 2630 non

209 2671 356 2749 venerat,
387 2673 421 2732 ut
449 2670 641 2753 superbiret,
673 2669 728 2730 sed
752 2672 792 2731 nt
807 2664 978 2749 'personam
1007 2671 1134 2732 hortinis
1162 2669 1318 2750 indueret,
1354 2675 1388 2734 ut

119 2783 122 2788 ’
209 2770 278 2834 l'oeo
309 2771 436 2834 hominis
474 2775 506 2836 et
539 2774 570 2835 in
607 2770 742 2832 omnibus
776 2767 882 2832 similis
915 2771 1099 2854 hornmilrus,
1141 2775 1275 2854 excepto
1307 2790 1387 2853 pec-

211 2875 298 2955 cato,
326 2858 518 2954 ignominiam
539 2873 680 2953 tolleret,
709 2867 917 2953 quae'nemini
937 2917 958 2955 „
967 2875 1103 2952 Hominis
1111 2875 1131 2914 ‘⁶
1149 2877 1249 2938 inusta
1270 2879 1336 2938 erat
1352 2870 1386 2958 ⁸]

210 2993 309 3038 coram
337 2979 405 3040 Deo
435 2980 473 3050 et¹
495 2973 645 3054 Angelis,
677 2975 715 3042 ¹ut
743 2974 905 3055 expleret,
928 2983 1018 3058 ‘quac
1047 2972 1200 3060 explenda
1229 2980 1261 3040 et
1289 2995 1385 3058 prae-

209 3078 319 3140 standa
337 3081 434 3152 erant
461 3069 569 3140 homini
598 3076 689 3157 atque
718 3077 748 3138 in
770 3094 805 3138 se
824 3076 1052 3160 ipsoleriperet
1073 3063 1115 3142 ear
1136 3081 1232 3143 morte
1256 3081 1288 3144 et
1308 3097 1385 3160 pec-

439 3241 451 3255 ,ι

214 3257 416 3272 *—

218 3441 221 3448 .
313 3388 344 3459 1)
361 3389 509 3448 liiscrimeu
525 3393 596 3446 lutor
615 3379 696 3470 sn]
713 3361 913 3484 ιιὶὶυῑρ
939 3396 1068 3452 observes
1094 3411 1136 3452 cx.
1163 3411 1186 3450 c.
1210 3395 1269 3448 ioco
1286 3388 1386 3449 ltiatth.

208 3488 275 3556 illl,
294 3496 336 3548 12.
908 3541 910 3546 .

313 3607 346 3677 2)
363 3607 431 3692 Dan.
448 3597 580 3665 vilur'nre
604 3607 656 3660 Ἷῧ.
691 3607 722 3663 ln
746 3611 872 3665 versione
898 3615 925 3664 et
938 3609 1062 3680 Simplici
1085 3615 1112 3664 et
1130 3607 1322 3662 Philoxeniana
1343 3605 1385 3658 lo-

210 3709 281 3780 cutio
307 3705 322 3761 ὁ
345 3703 400 3782 ap‘dc
421 3707 471 3764 sot
489 3707 642 3782 caesones
661 3711 694 3766 de
713 3697 820 3767 Christo
841 3709 1029 3786 dictandique
1048 3709 1170 3766 redditur
1187 3693 1287 3784 1:212
1304 3713 1387 3792 0th

208 3837 286 3906 (roem
304 3813 524 3942 poppam).
559 3849 563 3856 ·

313 3951 345 4038 35
368 3971 399 4025 ln
423 3964 524 4046 linguis
541 3979 663 4032 omnibns
685 3992 754 4048 quae
773 3975 905 4041 humana,
930 3976 1021 4030 eadem
1040 3979 1101 4048 sant
1118 3979 1278 4042 terrestria,
1303 3973 1386 4045 fragi-

209 4053 262 4119 lia,
294 4058 383 4112 errori
404 4061 435 4133 et
457 4065 568 4125 peccato
598 4061 725 4115 obnoxia.
766 4061 874 4116 Nostris
892 4059 1058 4130 temporibus
1080 4059 1202 4114 relietum
1219 4065 1295 4126 erat,
1319 4057 1387 4114 Deos

210 4157 236 4206 et
258 4151 379 4212 homines
403 4155 584 4224 contundere,
604 4162 721 4216 ‚coelum
745 4167 772 4216 ct
797 4167 897 4216 terram
915 4155 1037 4219 miscere.
1072 4159 1147 4216 Rom,
1167 4162 1233 4229 vil,
1251 4161 1295 4218 at.
1315 4145 1387 4237 Lo?

444 4269 1388 4424 gromacha-›uffomrnpm
