2956 5004
175 275 241 344 eut

180 452 250 538 quin
279 469 321 512 ex
351 449 493 544 versione
516 449 639 510 formam
664 446 771 508 tentus
794 441 905 506 Graeci
925 427 1058 506 nativam
1077 443 1230 520 indagare
1250 437 1374 522 uirique

181 557 214 618 et
245 555 423 618 construere
444 550 616 631 possinrus3
648 549 737 610 vetat
761 563 854 626 porro
878 546 1054 627 interpretis
1075 544 1215 622 licentia,
1247 544 1374 606 ohscu'-

181 657 256 720 ritas
287 639 320 720 et
344 670 553 734 nonnunquam
582 647 775 713 hallucinatio
804 649 952 731 animique
974 647 1144 726 hebetudo,
1173 663 1210 706 ne
1233 646 1284 706 uhi
1308 645 1375 707 de-

183 758 302 844 dexit
293 777 323 820 ru
353 754 622 834 interpretatione,
650 753 738 814 aliter
761 770 827 838 ιιιιιι
848 751 968 830 legisse
991 745 1209 815 statdomusin
1232 746 1373 810 Graeco.

183 839 302 944 Etenim
338 855 486 934 mutavit,
521 855 653 919 detorsit
684 855 880 956 eoniudltque
911 853 1014 916 multa.
1064 851 1160 913 Porro
1190 853 1275 914 tanta
1309 868 1375 913 uon
1459 908 1460 932 ,

186 963 236 1025 cst
260 935 336 1024 tides
348 957 557 1044 Scripturae,
589 955 687 1040 qualis
717 958 799 1038 apud
821 958 922 1036 Syros
944 957 1071 1035 recepta
1096 955 1163 1031 est,
1194 957 1228 1034 pt
1252 955 1313 1018 rite
1338 955 1373 1016 in

187 1063 323 1127 omnihus
350 1063 383 1125 et
404 1060 553 1146 religiose
574 1061 606 1122 id
627 1059 823 1122 servaverint
844 1061 886 1120 et
898 1057 1099 1134 reddiderint,
1123 1055 1232 1138 quod·
1223 1073 1254 1117 m
1269 1059 1374 1120 auto-

177 1161 308 1246 grapho
330 1165 451 1229 Graeco
478 1161 672 1240 legebatur..
697 1161 860 1224 Dubitatur
882 1161 1019 1244 quidem,
1048 1161 1145 1222 utrum
1167 1157 1205 1222 ab
1229 1159 1349 1222 initio
1339 1177 1375 1220 ιιι

189 1266 328 1348 Simplici
355 1267 424 1329 libri
454 1265 500 1350 et
513 1265 573 1327 loci
593 1263 737 1325 nonnulli
754 1264 933 1341 ,desiderati
969 1281 1006 1325 an
1034 1265 1144 1343 postea
1166 1261 1276 1324 abiecti
1298 1263 1375 1341 sint,

188 1369 299 1451 neque·
310 1370 387 1433 certi
409 1353 570 1451 quidquam
588 1365 646 1428 hac
670 1367 708 1427 dc
727 1371 764 1427 ιιι·
780 1365 1009 1445 statdlpotest,
1033 1364 1089 1425 nisi
1111 1362 1237 1425 historia
1264 1364 1375 1426 eccle-

190 1471 317 1534 siastica
350 1470 479 1560 saecul'q',
501 1447 584 1550 eius,
629 1468 711 1552 quod
748 1470 821 1549 post
856 1470 990 1529 mortuos
1021 1465 1201 1548 ,Apostolos
1234 1471 1374 1530 secutum

191 1576 258 1655 est,
285 1573 470 1644 documentis
490 1573 578 1634 novis
601 1570 781 1633 illustratum
802 1571 904 1652 luerit·
945 1568 1019 1658 Meo
1043 1570 1163 1652 quidem
1184 1569 1294 1651 indicio
1312 1570 1374 1632 de-

191 1677 292 1738 lectus
325 1671 369 1736 illi
404 1691 464 1736 uon
492 1677 551 1736 tarn
580 1672 689 1752 Syris,
727 1691 813 1754 quam
839 1673 877 1734 iis
907 1663 1082 1736 doctoribus
1109 1672 1260 1737 tribuendi
1290 1675 1391 1753 suut,

193 1778 245 1862 qui
270 1777 431 1841 ecclesiae
443 1773 606 1838 Orientalis
628 1776 700 1854 post
713 1771 884 1855 Apostolos
897 1779 1034 1839 rectores
1051 1775 1245 1838 exstiterunt.
1276 1774 1377 1838 'lnira

193 1877 383 1960 videbimus,
415 1878 579 1948 doctrinam
615 1875 768 1956 Simplicis
795 1878 936 1948 inlectam
969 1897 1040 1940 esse
1067 1877 1173 1940 iisdem
1206 1879 1376 1960 erroribus,

49 2028 60 2051 .
192 1985 271 2064 'quos
294 1999 377 2044 saec.
398 1977 437 2042 ll.
459 1980 489 2041 in
504 1965 794 2042 ecclesia-Orientali
810 1972 1091 2061 animadvertores,
1108 1984 1199 2064 atque
1214 1982 1241 2042 si
1256 1981 1378 2064 quando

194 2081 321 2146 historia
347 2083 429 2145 illius
460 2079 530 2143 aevi
552 2081 675 2142 detecta
699 2079 808 2164 luerit,
838 2083 1016 2164 apparebit,
1044 2079 1145 2165 apud
1150 2099 1294 2167 quosnam
1316 2101 1376 2148 ec-

195 2185 319 2251 clasiae
330 2181 536 2261 hierarchicae
562 2186 596 2246 ct
617 2179 794 2264 disciplinae
819 2185 988 2249 catholicae
1010 2187 1147 2264 origines
1169 2185 1376 2269 quaerendae,

196 2289 304 2372 quihus
323 2267 467 2348 deiectius
486 2284 665 2366 Scripturae
687 2288 719 2348 et
742 2287 832 2348 dubia
854 2286 1006 2350 adversus
1029 2289 1124 2384 libros
1139 2289 1279 2367 singulos
1296 2307 1376 2370 pro-

196 2385 279 2453 mota
307 2385 465 2473 tribuenda
495 2387 566 2449 sint.
618 2381 737 2449 Causas
760 2388 958 2468 dogmaticas
971 2389 1087 2472 misse,
1100 2410 1167 2454 ·cur
1188 2393 1218 2454 in
1238 2390 1378 2472 Simplici

197 2479 346 2576 quaedam
375 2487 522 2568 neglecta
552 2489 631 2569 sint,
672 2490 778 2574 cuique
810 2510 852 2554 ex
879 2510 974 2574 supra
1000 2491 1089 2556 dictis
1121 2495 1265 2576 patuisse
1287 2497 1376 2576 puto.

197 2593 306 2678 Neque
333 2611 416 2657 saec.
444 2590 468 2655 l.
493 2594 525 2654 et
546 2589 725 2656 ll.''textum
749 2593 927 2682 Scripturae
951 2593 1067 2658 Sacrae
1096 2597 1174 2660 alias
1195 2597 1377 2660 mutationes

199 2697 359 2777 expertum
391 2711 462 2757 esse
491 2693 585 2775 p'uto,
621 2695 679 2756 nisi
708 2714 786 2780 quae
816 2695 979 2760 doctrinam
1006 2701 1224 2778 spectaverint.
1276 2700 1378 2784 Quare

200 2799 228 2861 si
243 2799 362 2860 missas
393 2798 519 2860 iacimus
551 2801 657 2862 teitus
684 2798 851 2862 varietates
873 2798 912 2889 oh
934 2817 1045 2876 causas
1069 2800 1291 2879 dogmaticas
1282 2821 1377 2866 ruve-

200 2903 285 2982 ctas,
319 2902 348 2962 in
382 2898 474 2962 rebus
512 2881 647 2964 ceteris
654 2919 712 2964 non
740 2901 850 2980 video,
888 2919 941 2963 cur
968 2905 1085 2965 textum
1115 2903 1304 2986 Graecum,
1297 2923 1375 2987 quo

200 3002 300 3086 Syrus
329 3003 481 3084 interpres
512 3021 585 3063 usus
618 3007 691 3084 est,
717 3019 777 3064 non
805 3003 979 3066 simillimum
1003 3005 1099 3066 luisse
1123 3011 1263 3088 putemus
1284 3006 1378 3090 Apo-

199 3105 346 3168 stolorum
378 3103 591 3186 autographis.
641 3102 706 3167 Sed
737 3108 907 3168 accuratius
935 3106 983 3170 hic
1008 3106 1214 3190 inquirendum
1239 3115 1289 3176 est
1309 3112 1377 3192 pri-

199 3225 278 3270 rnum
302 3206 339 3268 de
364 3207 452 3270 textu
472 3205 626 3290 Simplicis
650 3207 736 3287 ipso,
766 3207 873 3272 deinde
896 3211 934 3272 de
956 3208 1121 3290 Scriptura
1138 3211 1276 3294 Graeca,
1298 3233 1379 3295 qua-

199 3309 240 3370 lis
258 3301 348 3386 Syro
380 3308 541 3388 proposita
568 3307 669 3371 luerit.
720 3307 840 3372 Causas
872 3312 971 3374 nullas
1000 3330 1090 3393 esso,
1126 3333 1179 3378 cur
1206 3317 1244 3377 de
1269 3319 1377 3378 textus

201 3408 324 3489 Syriaci
355 3407 572 3471 deformatione
601 3412 633 3492 et
655 3429 767 3489 magna
791 3413 960 3476 variatione
984 3416 1212 3495 cogitemus,
1201 3435 1293 3499 supra
1314 3415 1376 3478 do-

137 3527 143 3532 ·
201 3511 325 3598 culmus.
377 3507 548 3574 Curetonns
579 3485 697 3594 quidem
726 3513 862 3576 editurus
894 3517 944 3577 est
963 3522 1204 3612 „recensionem
1224 3519 1378 3598 livangc-

200 3587 306 3678 liorum
337 3613 590 3728 antiquissimam,
626 3615 754 3678 nondum
781 3618 813 3678 ln
842 3617 964 3700 lluropa
993 3624 1156 3700 cognitam.
1166 3623 1188 3660 “
1236 3620 1379 3684 Iudicium

200 3735 261 3780 non
290 3700 444 3780 ferendufn
467 3719 537 3786 ante
560 3735 622 3780 rem
640 3723 856 3801 conspectam,
886 3721 942 3782 vix
963 3725 1061 3786 mmen
1085 3726 1274 3806 putaverim,
1300 3724 1379 3786 mul-

201 3823 263 3884 tum
291 3817 382 3880 hodie
414 3819 528 3882 distare
551 3819 728 3901 Simpllccm
756 3821 793 3883 ab
824 3822 878 3884 illa
906 3825 1036 3906 formo,
1057 3843 1118 3908 qna
1146 3829 1272 3908 primum
1296 3843 1379 3890 saec

201 3919 335 3984 secundo
364 3920 485 4001 prodiit.
536 3921 653 3984 Etenim
688 3925 714 3984 si
743 3943 803 4008 quo
828 3928 963 4007 tempore
994 3947 1066 3991 cura
1096 3931 1209 3992 maiore
1230 3930 1381 3992 recensita

201 4026 234 4088 et
263 4019 407 4086 communi
438 4022 634 4088 ecclesiarum
665 4040 815 4088 consensu
845 4027 922 4092 haec
945 4032 1083 4095 recensio
1106 4033 1237 4112 probata
1259 4031 1380 4111 luisset,

199 4124 448 4214 proculduhIo.
429 4125 620 4186 correctores
650 4129 843 4194 mundassent
865 4152 930 4195 eanr
951 4154 970 4196 a
993 4135 1101 4198 naevis
1124 4134 1276 4216 plurimis,
1305 4153 1381 4216 quos

199 4228 292 4290 facile
320 4229 388 4303 erat
419 4243 602 4316 enpungere
625 4231 657 4290 et
677 4231 852 4316 emendare,
879 4236 1110 4301 modotextum
1133 4237 1282 4301 Graecum
1302 4247 1382 4298 con·
1426 4231 1430 4239 '

201 4327 355 4394 tulissent
400 4327 513 4408 ¹ideque
540 4330 625 4391 tanta
647 4334 733 4395 esset
753 4335 888 4412 codicum
920 4339 1083 4408 similitudo
1112 4342 1145 4404 et
1170 4313 1276 4403 textus
1304 4337 1384 4422 apud
