3006 5004
220 285 286 361 oli
369 339 373 350 1

221 473 358 550 temporo
383 455 664 546 iliauopluysitarom
692 463 811 544 plorimi
832 463 861 525 ln
885 462 1064 544 Aegyptum
1086 465 1308 544 secesserunt,
1335 463 1414 544 Sy-

222 572 304 634 rlaea
326 571 435 647 lingna
457 569 517 630 tam
535 565 678 644 vulgaris
700 567 784 628 iacta
806 568 855 628 ert
877 567 911 627 et
932 561 1111 644 communis,
1129 567 1164 626 nt
1178 563 1271 646 Copti
1286 565 1411 628 ltinho-
1474 635 1477 642 Ι

223 674 352 736 mctanis
370 675 461 734 tarra·
474 669 581 748 politia
595 667 802 744 Evangelium
817 666 947 746 Syriaco
968 665 1128 746 legerent,
1148 665 1257 730 deindo
1278 670 1308 730 in
1330 687 1413 730 ser-

222 791 340 838 monem
374 770 537 833 Arabicum
573 771 786 834 transferrent.
834 768 1004 831 versiones
1032 768 1185 832 Arabicae
1221 770 1331 848 partlm
1376 772 1413 832 et

222 877 368 940 Porsinae
395 875 498 936 lautae
519 875 590 934 sont
611 889 653 933 ex
669 869 812 951 'Simpllei
829 867 868 953 ¹).
911 870 1021 932 Fertor
1044 872 1153 951 iama‚,
1169 871 1278 936 Caroli·
1293 867 1411 950 Magni

224 983 360 1060 temnere
392 977 422 1038 in
450 973 558 1036 llihliis
585 975 701 1037 latinis
729 972 926 1050 ,acragantis
959 973 1212 1056 emendantisque
1241 974 1411 1054 Syriacam

223 1081 481 1142 rerslonamosse
497 1077 647 1139 collatam.
685 1075 801 1168 Scribit
816 1075 892 1138 enirn
906 1073 1086 1154 Theganus,
1102 1062 1411 1139 innuisse-Alem-

222 1201 290 1244 nnm
316 1181 437 1244 collatis
465 1179 650 1269 iirangolils
679 1197 752 1242 uum.
774 1175 908 1242 Graecia·
929 1179 963 1240 ct
978 1177 1091 1260 Syris.
1144 1175 1239 1242 (hiim
1268 1180 1314 1241 rel
1344 1180 1409 1241 elsi

222 1285 296 1348 allhi
328 1301 388 1346 non
418 1283 551 1346 ooourrlt
579 1281 797 1359 testimoninm,
834 1279 891 1341 vix
922 1281 1022 1341 tanen
1053 1296 1181 1358 prorsus
1211 1280 1409 1360 reprobanda

223 1387 355 1450 ridetur.
405 1385 523 1446 illenim
551 1383 581 1446 ln
611 1382 757 1446 Bernarrli
784 1367 895 1444 libello
910 1379 948 1442 ele
969 1379 1047 1444 lonis
1069 1382 1184 1444 sanetis
1201 1382 1333 1444 traritnr
1353 1383 1407 1444 hi-

223 1486 378 1550 bliotheca
405 1485 629 1565 Hierosolymis
660 1486 756 1546 inisse
783 1483 930 1546 heneiolo
960 1481 1064 1546 Caroli
1085 1482 1195 1560 lliagni
1222 1485 1408 1566 conquisita,

226 1591 312 1652 culus
335 1588 540 1650 commercium
562 1605 626 1649 cum
642 1585 768 1648 Oriente
791 1586 867 1648 satls
890 1583 1018 1664 amplum
1035 1587 1068 1647 et
1086 1587 1202 1646 varium
1221 1586 1287 1648 luit.
1332 1586 1405 1649 Aa·

227 1689 325 1765 uelit,
361 1688 442 1767 quod
471 1675 620 1750 ‘Aicuinus
649 1687 678 1746 iu
702 1686 858 1748 Britannia
887 1687 926 1747 iis
959 1688 988 1746 ln
1015 1685 1128 1748 scholis
1149 1688 1305 1750 institutus
1326 1692 1406 1768 erat,

228 1807 303 1870 quas
318 1787 518 1870 Theodorus,
542 1807 584 1864 ex
603 1785 710 1850 (illicia
728 1788 886 1866 oriundus,
909 1753 1094 1850 laniaverat
1109 1783 1152 1870 2).
1196 1787 1311 1871 Quodsi
1326 1799 1405 1850 vcro

228 1892 257 1950 in
276 1889 419 1970 Europa
420 1891 524 1952 versio
539 1890 670 1970 Syriaca
685 1891 779 1951 minus
782 1885 919 1967 cognita
934 1893 1018 1972 erat,
1042 1893 1101 1951 tum
1117 1891 1156 1951 ob
1169 1890 1315 1968 linguae
1307 1893 1404 1953 rnsci-

229 1993 301 2054 tiam
323 1995 467 2055 tumeam
489 1993 530 2054 oh
552 2009 692 2072 oausam,
713 1991 796 2074 quoi
815 1992 909 2072 Syria
930 1993 995 2058 tuta
1017 1993 1055 2055 alr
1071 1993 1212 2068 ,ecclesia
1232 1993 1353 2056 Graeca
1374 2000 1406 2056 ct

109 2118 112 2124 ·
229 2092 337 2156 Latina
357 2094 552 2174 desciverat,
575 2095 681 2158 eadem
703 2095 731 2154 in
748 2094 827 2156 alsia
847 2096 915 2176 ipsa
934 2094 972 2154 al
987 2098 1143 2158 extremos
1156 2113 1252 2178 usque
1267 2095 1405 2158 ludorum

228 2193 427 2277 Sinarumque
456 2195 531 2256 lines
563 2199 716 2276 pervenit.
759 2197 866 2260 limisit
895 2179 1021 2282 thdem·
1044 2197 1077 2268 in,
1102 2197 1252 2278 Europam
1279 2191 1405 2280 ¹«porroque

229 2295 348 2376 aliquot
374 2295 479 2360 radios
505 2295 654 2376 Syrorum
684 2297 830 2372 eruditio;
867 2299 1001 2378 aspris
1030 2298 1106 2360 enim
1128 2299 1248 2362 Arabes
1276 2299 1406 2360 instituti

230 2400 262 2465 et
283 2396 405 2464 Iudaeis
437 2400 469 2460 et
491 2396 670 2462 Christianis
692 2402 832 2462 auctores
856 2401 929 2464 lacti
951 2401 1022 2461 sunt
1043 2400 1277 2478 grammaticae,
1308 2401 1404 2463 medi-

173 2536 178 2548 ι
230 2499 332 2579 cinae,
367 2499 577 2585 philosophiae
606 2517 648 2564 ex
676 2499 860 2562 Graecorum
890 2491 1065 2588 praeceptis
1093 2499 1291 2580 recolendae,
1328 2503 1405 2566 unde

228 2603 385 2684 plurinum
409 2605 520 2682 postca
543 2601 581 2672 aa
602 2601 714 2667 hihlica
738 2604 839 2666 studia
863 2603 965 2666 denuo
986 2603 1149 2671 excitanda
1171 2603 1313 2666 collatum
1339 2608 1405 2677 est3

230 2707 361 2769 atvero
390 2703 467 2766 haec
486 2723 574 2793 quom
596 2705 759 2768 remotiora
779 2706 861 2782 sint,
888 2705 967 2766 intra
990 2703 1085 2766 A'siae
1109 2706 1253 2767 terminos
1277 2707 1403 2787 acquic-

230 2805 372 2868 soendnm
402 2805 490 2868 nohis
520 2806 660 2871 videtote
677 2807 866 2872 -·Utehantur
892 2809 991 2868 autem
1016 2796 1159 2869 versione
1181 2807 1317 2888 Simplici
1338 2809 1403 2888 pri-

231 2925 307 2976 mum
329 2907 506 2978 nestoriani
527 2925 630 2976 omnes
651 2907 746 2986 longe
768 2901 890 2989 lateque
912 2910 941 2970 in
963 2907 1088 2972 Oriente
1111 2909 1259 2992 dispersi,
1282 2927 1402 2992 quorum

231 3011 281 3092 qui
300 3011 330 3074 iu
344 3007 428 3073 India
443 3011 578 3092 clepunt,
603 3008 768 3073 (ilmistiani
782 3010 817 3072 S.
840 3009 976 3074 Thomae
998 3013 1191 3092 appellantur
1205 3009 1246 3095 ³).
1289 3013 1404 3074 Nesto-

229 3112 304 3176 riaui
332 3113 362 3174 in
382 3111 516 3192 Assyria
546 3115 579 3176 et
600 3111 824 3194 Mesopotamia
848 3110 996 3176 Chaldaei
1026 3131 1053 3174 s.
1077 3113 1150 3191 Syri
1172 3115 1333 3176 orientales
1355 3115 1402 3175 li-

231 3216 355 3293 ountur,
390 3231 514 3299 quorum
545 3213 596 3280 alli
625 3231 690 3276 cum
700 3213 848 3276 ecclesia
873 3214 1008 3277 Romana
1030 3215 1255 3295 confoederati,
1284 3210 1365 3281 hii.
1359 3212 1402 3275 sui

229 3315 303 3376 luris
329 3317 420 3384 suut.
448 3314 620 3395 Iaoohitae,
648 3315 787 3398 quamvis
806 3315 836 3375 in
859 3293 943 3379 India
964 3335 1084 3400 quoque
1106 3320 1139 3378 et
1159 3317 1325 3380 Malaharia
1346 3335 1401 3376 se-

230 3413 286 3506 des
315 3415 489 3506 habuerint,
518 3417 618 3507 tamen
646 3418 774 3478 maxime
797 3416 948 3478 meridiem
971 3436 1082 3480 versus
1104 3423 1136 3480 et
1158 3417 1193 3480 ad
1215 3417 1289 3482 solis
1307 3435 1400 3478 uoca-

230 3536 295 3584 sum
322 3537 358 3582 se
389 3517 586 3601 diluderunt,
622 3521 656 3580 ut
677 3518 852 3583 Nestoriani
881 3519 911 3580 ln
931 3518 1029 3581 Asiae'
1057 3521 1161 3604 plagis
1182 3519 1345 3601 insulisque
1366 3517 1401 3582 ad

232 3613 383 3690 orientem'
407 3621 487 3691 sitis.
531 3619 750 3689 Mauasterium
772 3619 925 3685 habebant
949 3621 1174 3712 celeberrimum
1195 3623 1232 3688 S.
1255 3621 1403 3706 Deiparac

229 3787 436 3809 -Ἦ-

336 3905 366 3970 1)
381 3905 427 3959 (ii.¹
440 3885 473 3962 de
491 3907 593 3972 Wolte,
619 3905 775 3978 llimieitnng
791 3911 843 3962 ins
854 3907 886 3964 N.
905 3907 938 3966 T.
958 3913 983 3983 §.
1005 3907 1057 3965 12.'

330 4001 361 4069 2)
380 3991 520 4069 Neander,
546 4003 690 4076 Kirelreng.
709 4005 755 4059 ill.
774 4023 799 4076 p.
820 4009 864 4064 47.
882 4013 943 4066 306.

334 4097 366 4167 h)
385 4099 426 4172 Ci.
444 4101 583 4160 harenari
602 4109 668 4163 tou.
683 4103 735 4168 lll,
753 4112 780 4164 2.
798 4120 857 4176 oap.
876 4106 922 4162 lli.
943 4113 970 4161 et
987 4106 1022 4160 x.
1043 4121 1106 4177 pag.
1120 4105 1299 4169 lio-(iiim
1325 4088 1403 4157 {litter

231 4180 263 4234 V·
280 4197 343 4253 eog-
360 4189 521 4246 ooo—615.
548 4187 581 4242 do
600 4185 762 4248 Christiania
780 4193 807 4242 in
826 4190 918 4256 ludia,
946 4194 991 4262 uui
1010 4190 1119 4246 Suriani
1137 4191 1270 4248 dicuntur.
1308 4186 1402 4244 Consu·

231 4264 303 4320 lamii
328 4277 390 4326 aunt
407 4263 486 4326 ctiam
504 4270 640 4327 Vitriaous
661 4270 723 4326 hist.
743 4265 845 4330 tinient.
871 4291 894 4330 c.
916 4281 1022 4338 76.’77.
1059 4277 1249 4335 Villamontius
1266 4272 1307 4339 ll,
1325 4281 1364 4332 23.
1380 4278 1405 4328 ut

233 4349 279 4404 alil
298 4351 332 4406 ah
350 4352 432 4408 Andr.
450 4353 583 4410 Muelleno
603 4358 687 4410 uitali.
