2974 5012
1236 313 1279 380 73

85 495 264 571 Orientem,
298 487 430 550 marinae
458 485 489 546 iu
511 481 644 564 Arabia,
677 481 901 566 Mesopotamia
924 489 956 548 et
978 486 1146 550 Adiabene·
1160 499 1278 568 propa-

89 601 172 676 gata
188 592 225 678 ¹¹).
267 592 363 654 lirant
391 589 503 670 ubique
525 587 658 649 locurum
680 605 869 681 sypagogae
892 592 1087 668 exstructae,
1121 591 1280 672 inquibus

92 699 201 762 ltioses
223 698 255 758 et
276 691 450 773 lirophetae
472 690 668 768 legebantur.
688 739 692 748 .
710 691 839 753 ludaeos
862 709 938 752 vero
961 709 1078 769 genere
1096 693 1191 754 luisse
1205 694 1279 757 doe·

91 807 176 864 tores
204 813 308 860 omnes
339 798 371 858 et
398 783 585 874 interpretes
614 794 704 856 etiam
732 793 793 856 illis
822 795 851 854 in
878 789 1055 874 synagogis
1080 795 1278 856 certissimum

91 909 160 983 est,
193 899 304 982 quibus
326 893 445 978 plurimi
469 895 651 976 proselytae
675 899 880 982 accesserant.
920 896 1025 978 'Quare
1047 897 1277 964 existimandum

93 1011 160 1086 est,
188 1005 279 1066 etiarn
300 1003 329 1084 in
351 999 446 1079 Syria
467 997 615 1060 orientali
636 1017 867 1094 synagogarum
895 999 1112 1078 interpretandi
1132 1002 1277 1062 rationum

96 1106 258 1183 vulgarem
285 1103 381 1164 inisse
409 1105 502 1183 atque
532 1102 563 1162 in
595 1101 737 1175 ecclesiis
767 1101 887 1183 quo'que
918 1099 1172 1182 Christianorum,
1200 1121 1279 1184 quae

98 1227 139 1272 ex
168 1205 345 1288 synagogis
369 1205 546 1285 prodierant
575 1202 627 1264 vel
656 1206 740 1266 certe
764 1203 803 1264 ad
832 1221 1064 1283 synagogarum
1088 1205 1164 1266 ritus
1186 1207 1277 1268 insti-

98 1311 277 1388 tuebantur,
314 1325 333 1368 a
363 1307 432 1368 viro
460 1306 585 1384 linguae
608 1305 769 1386 llehrpeae
792 1307 891 1387 perito
907 1306 1032 1384 begam
1054 1309 1088 1368 et
1108 1308 1279 1389 Prophetas

98 1413 252 1476 Hebraico
274 1409 422 1472 recitatos
443 1409 554 1488 luisse,
580 1409 610 1470 in
631 1407 791 1472 dialectum
814 1411 913 1476 autera
933 1407 1094 1499 vulgarem
1108 1411 1279 1489 expositor.

101 1515 202 1600 Quare
223 1529 323 1594 neque
345 1529 365 1572 a
386 1511 517 1572 veritate
538 1511 629 1602 plane
651 1509 882 1572 absonummihi
904 1511 1041 1588 videtur,
1075 1511 1155 1591 quod
1177 1512 1280 1573 lides-

101 1635 173 1696 sae,
214 1615 265 1676 ubi
294 1612 471 1674 ludaeorum
499 1613 617 1694 plurimi
646 1613 821 1692 degebant,
850 1603 1156 1693 utute·biphraemuru⁴
1182 1615 1281 1676 Biblia

98 1720 256 1792 Hebraice'
283 1731 355 1777 esse
382 1715 480 1796 lecta,
517 1715 633 1778 Tauriti
667 1715 763 1784 relert
779 1709 820 1796 ²).
868 1714 930 1777 lam
955 1733 1050 1795 vero,
1085 1717 1174 1779 slouti
1202 1736 1280 1780 con-

97 1825 159 1884 rtat
179 1823 210 1884 in
233 1817 407 1896 Babylonia
428 1834 471 1878 cx
491 1817 548 1881 hau
574 1819 834 1900 interpretationis
857 1811 1075 1881 consuetudine
1095 1821 1125 1880 ln
1145 1817 1280 1882 ludaeo-

97 1944 161 1986 rum
189 1921 368 2002 synagogis
395 1923 464 1984 rata
491 1925 525 1984 et
550 1921 681 2002 vulgata
705 1925 788 1984 ortas
815 1939 885 1984 esse
908 1920 1090 1984 Chaldaicos
1111 1918 1280 2004 peropima-¹

98 2045 168 2105 scs,
183 2055 190 2064 ·
204 2026 249 2086 ita
277 2023 427 2104 suspicari
456 2024 525 2106 quis
547 2025 698 2104 potnerit,
725 2025 755 2084 in
776 2023 836 2085 alia
855 2023 970 2102 Syrlao
993 2025 1121 2101 regldne
1145 2025 1182 2086 ab
1205 2027 1282 2105 ipsis

100 2126 311 2215 induem-'iana
339 2128 410 2189 anto
437 2129 576 2206 tempora
606 2128 746 2190 invectae
775 2125 844 2200 lidel
867 2122 1060 2189 Christianae
1087 2133 1282 2206 procuratam
1354 2127 1358 2132 ’

98 2245 171 2292 esse
210 2226 369 2307 Syriacam
399 2227 525 2294 Veteris
563 2229 752 2293 Testamenti
788 2230 979 2309 versionem,
1017 2245 1103 2311 quarn
1139 2229 1282 2294 Peschito

100 2334 215 2394 venant
233 2331 253 2390 i.
275 2348 306 2392 e.
330 2330 493 2394 secundum
518 2333 673 2394 terminum
697 2331 818 2394 ludaeis
838 2332 1026 2393 notissimum
1049 2316 1282 2414 rurerprot‘uuo-
1377 2363 1381 2368 ·

100 2451 167 2494 nem
189 2431 352 2514 simplicem
375 2437 408 2497 ot
424 2433 587 2496 litteralem
598 2431 643 2516 ³).
685 2433 768 2496 luter
790 2433 866 2494 alios
888 2433 956 2496 ltlo.
976 2421 1131 2498 Shuo'rrlus
1149 2439 1282 2501 versio-

100 2553 167 2596 nenr
196 2534 235 2597 V.
258 2535 297 2596 T.
316 2521 478 2616 'Syriacam
502 2534 607 2599 ludaei
628 2534 754 2598 hominis
776 2550 852 2616 opus
873 2535 993 2617 habuit,
1018 2559 1036 2601 a
1061 2557 1119 2622 qua
1142 2543 1281 2621 opinione

100 2655 201 2720 neque
236 2637 431 2700 Wiseruanus
466 2638 557 2720 plane
599 2636 750 2722 abhorret.
793 2637 845 2702 ,ot
871 2656 946 2702 vero
974 2639 1031 2703 boo
1050 2641 1129 2703 'loeo
1154 2644 1281 2724 taceam,

102 2740 221 2800 interna
241 2743 392 2804 versionis
414 2741 515 2804 indole
538 2742 596 2802 vix
614 2742 704 2822 prodi
724 2741 872 2820 originem
893 2739 1051 2820 ludaeanr,
1080 2745 1110 2804 in
1134 2743 1282 2808 Talmude

102 2841 301 2922 proculdubio
336 2843 424 2906 huius
453 2844 606 2905 versionis
636 2843 747 2905 mentio
777 2847 932 2921 exstaret,
970 2843 996 2903 si
1026 2843 1151 2905 hominis
1179 2845 1283 2906 ludaei

102 2948 190 3018 esset
213 2947 299 3028 o'pus.
341 2945 505 3029 Neque'ea
527 2943 719 3026 simplicitate
742 2945 919 3028 gaudebant
942 2931 1062 3032 ludaei,
1096 2965 1155 3028 qua
1179 2948 1283 3008 versio

21 3127 22 3131 Ἰ
103 3047 253 3128 Syrorum
285 3050 363 3112 nitet
392 3051 424 3112 et
452 3049 571 3110 emicat.
615 3047 714 3130 Quare
748 3048 805 3108 vix
827 3045 991 3126 eredimus,
1022 3047 1183 3110 aludaeis
1206 3047 1284 3114 hano

103 3153 277 3214 versionem
301 3153 442 3233 scriptam
463 3167 546 3212 esso.
588 3148 660 3212 Sed·
676 3150 765 3214 etium
788 3149 937 3233 quomodo
959 3151 1071 3215 laetum
1090 3153 1148 3232 sit,
1171 3155 1204 3216 ut
1226 3171 1284 3215 ue-

210 3419 241 3487 1)
261 3419 302 3477 Cl.
321 3419 341 3474 l.
359 3418 390 3474 G.
408 3421 514 3490 heyne,
540 3421 573 3476 de
593 3421 746 3478 Ethnaroha
760 3423 858 3478 brutae
875 3417 958 3477 P'aulo
975 3423 1128 3479 insidiante.
1164 3423 1285 3488 Michae-

105 3503 151 3568 lis,
174 3501 278 3560 lntrod.
299 3509 327 3560 in
345 3505 377 3560 N.
396 3505 430 3560 T.
451 3506 505 3559 vol·
524 3505 545 3561 1.
564 3507 605 3562 ed.
624 3515 649 3564 3.
667 3525 695 3578 p.
711 3512 760 3572 56,
778 3495 825 3561 ubi
844 3509 919 3562 loeus
936 3507 1085 3562 Abuliedae
1098 3508 1131 3561 ad
1144 3507 1212 3560 haue
1231 3523 1285 3562 rem

104 3589 242 3655 pertinens
260 3591 406 3660 protertur.
442 3589 474 3643 L.
492 3589 701 3646 Rodenlreinrer:
725 3591 772 3646 dic
787 3591 935 3660 chemallge
956 3587 1113 3646 llerrseholt
1132 3591 1180 3670 der
1197 3592 1286 3646 lsrae-

104 3671 170 3726 liten
187 3672 363 3730 inhrabien.
398 3674 582 3732 Litterattrrbl.
602 3677 649 3730 des
670 3675 778 3730 0rlents
799 3679 873 3734 1842.
891 3689 954 3745 pag.
972 3679 1032 3733 785.
1055 3678 1058 3684 '

210 3771 243 3840 2)
261 3761 329 3828 vtae
352 3787 435 3843 supra
453 3787 517 3844 pag.
534 3779 578 3832 69.
606 3773 645 3828 De
660 3771 812 3842 Ephraemo
831 3777 890 3842 ipso
910 3771 1097 3844 Luengerhius
1115 3777 1209 3826 narrat
1224 3787 1287 3846 pag.

103 3856 146 3909 4.:
170 3895 188 3921 „
197 3855 356 3912 ludaeorum
377 3857 624 3928 Chaldaeorumque
649 3859 731 3928 longe
751 3863 915 3928 peruagatos
936 3861 1088 3928 acriterque
1106 3859 1225 3928 agitatus
1244 3874 1286 3914 er-

104 3953 184 3992 rores
202 3955 389 4014 maxumopere
405 3943 600 4014 impugnavit.“
689 3933 699 3952 '
725 3997 733 4008 ,
1131 3961 1137 3972 ·

181 4054 185 4070 “
210 4057 242 4125 2)
261 4047 356 4136 libitia?
375 4065 402 4114 et
418 4047 613 4138 &britii-‚opud
632 4045 837 4126 Rabbinos'est
860 4061 971 4130 simplex
990 4065 1017 4114 et
1034 4060 1159 4116 litteralis
1178 4031 1287 4122 seusus}

106 4137 251 4206 explicatio
276 4145 404 4214 simplex,
440 4147 522 4214 plana
545 4150 572 4198 et
595 4145 677 4198 clara.
720 4143 856 4212 Interpres
881 4149 907 4196 et
932 4151 1124 4202 commentator
1150 4142 1288 4196 dicebatur
1357 4212 1360 4216 .

104 4216 205 4298 ἱῖ-Ἥξ.
240 4224 491 4298 interpretabantur
517 4235 603 4284 antem
622 4230 713 4285 ludaei
731 4229 830 4298 Legem
849 4234 976 4298 quattuor
993 4229 1094 4283 modis:
1121 4231 1151 4296 1)
1169 4227 1230 4305 “577
1253 4213 1289 4278 ἓν

95 4299 212 4375 nuum,
246 4311 279 4380 2)
309 4299 593 4395 donauwia,
614 4315 647 4382 3)
677 4301 771 4369 buum
794 4315 855 4393 qm
875 4298 926 4379 ts,
965 4316 998 4380 4)
1032 4299 1222 4390 abaprrqu
1244 4298 1290 4366 bu.

105 4393 220 4464 Aquilae
238 4397 381 4454 editionem
400 4401 542 4456 securrdanr
561 4400 652 4456 ludaei
671 4399 731 4456 κατ’
751 4397 894 4470 deputatae
912 4387 1052 4455 vocabunt.
