3006 5004
217 291 283 358 212

226 461 389 528 tateuuhus
424 461 654 544 Samaritanus,
691 463 719 524 in
748 447 878 524 Psalmis
915 475 991 532 reru
1031 457 1134 520 versio
1165 454 1351 522 Armeniaca
1381 465 1418 524 et

227 561 377 648 Coptica,
410 565 627 629 Heracleensis
661 569 693 628 et
720 557 954 642 .'()aroaphensis
990 561 1156 623 recitantur
1170 555 1213 643 ¹).
1267 561 1414 640 Singulis

227 670 293 743 iere
315 669 440 750 paginis
463 671 606 744 notantur
629 669 718 731 etiam
739 667 853 729 variae.
866 663 1113 728 Nestorianorum
1131 653 1348 743 pnno'tationcs
1368 659 1414 747 2].

285 833 288 840 ,
326 769 433 852 Atque
460 769 508 834 hic
540 771 659 856 quidem
683 769 824 832 absoluta
847 770 896 829 est
914 763 1112 830 lacebitarum
1134 762 1262 827 historia
1280 765 1413 828 littera-

229 872 283 931 ria.
325 871 412 960 Quae
428 873 501 935 'Bar
528 873 665 937 Satibaei
696 875 728 934 et
749 859 978 932 Bar-Hebraei
1001 866 1187 948 temporibus
1205 867 1414 938 reflorescere

228 969 382 1051 paululum
402 975 563 1039 ridebatur
584 977 732 1056 Syrorum
753 972 865 1050 religio
887 975 919 1034 ιι
941 971 1088 1052 ιιιιιῑιίι,
1117 969 1197 1032 haud
1219 969 1312 1034 multo
1336 975 1414 1052 post

229 1077 350 1156 penitus
386 1079 538 1142 exstincta
568 1083 633 1158 est,
669 1095 758 1160 quum
789 1073 932 1138 lilamlnlri
966 1075 1058 1134 totam
1084 1070 1206 1150 Syriam
1237 1076 1412 1134 vastarent.

229 1177 311 1262 Quot
326 1180 454 1242 tandem
475 1181 528 1244 ille
550 1181 649 1259 regie,
662 1181 795 1258 experta
818 1179 868 1239 cst
890 1174 1084 1238 barbararum
1107 1177 1250 1252 gentium.
1265 1177 1413 1238 invasio-

230 1299 304 1362 nes,
350 1281 458 1364 quibus
489 1281 595 1344 Asiam
632 1280 851 1358 degeneratam
885 1281 1024 1360 tanquam
1055 1278 1197 1358 praedam
1227 1271 1413 1360 consumere

229 1383 354 1446 Divino·
370 1385 489 1448 numine
516 1380 645 1462 obtigit!
683 1383 758 1462 Syri
786 1375 904 1463 quidem
928 1379 1108 1442 Nestorium
1136 1382 1213 1444 satis
1242 1381 1354 1443 callide
1369 1384 1412 1464 ,ιι

231 1486 387 1548 ambitiose
416 1488 645 1549 insinuaverant
674 1502 710 1546 se
741 1483 861 1546 lucetiis
891 1481 1068 1563 artibusque
1096 1483 1160 1544 suis
1190 1483 1271 1563 apud
1303 1499 1410 1542 ornnes

230 1589 295 1648 iere
323 1593 437 1666 gentes
466 1591 499 1650 et
525 1588 690 1667 dynastas,
729 1585 781 1668 qul
808 1581 886 1646 Asia
902 1583 1107 1662 potitisunt3
1134 1586 1189 1648 sed
1211 1604 1249 1646 ne
1270 1586 1313 1646 itu
1336 1585 1409 1666 qui-

230 1691 297 1750 dem
320 1708 435 1770 pacem
459 1691 626 1751 diuturnam
645 1691 677 1750 et
699 1687 893 1748 barbarorum
916 1687 1045 1762 gratiam
1069 1689 1172 1772 adepti
1193 1691 1274 1750 sunt.
1315 1686 1410 1748 laco-

230 1791 320 1852 bitae
339 1783 541 1862 'churbibus
556 1791 603 1852 ·in
632 1789 718 1852 vicos
745 1788 868 1866 reiecti,
910 1785 952 1848 ex'
981 1787 1076 1868 Syria
1105 1792 1135 1852 in
1162 1791 1348 1870 Aegyptum
1376 1791 1410 1849 et

231 1891 484 1974 Mesopotamiam
514 1894 665 1972 fugaces,
701 1893 731 1952 in
765 1889 915 1954 montibus
951 1893 983 1952 et
1012 1893 1259 1956 monasteriorum
1288 1891 1413 1974 arcibus

231 1994 343 2057 reclusi
374 1995 448 2060 lieet
477 2012 696 2076 saepenumero
722 1991 909 2073 disciplinam
939 1997 971 2054 et
1000 1992 1181 2071 religionem
1195 1989 1228 2078 b)
1257 1993 1408 2075 antiquam

231 2099 398 2161 relcrmare'
426 2101 460 2161 et
485 2099 650 2162 restituere
679 2097 889 2177 susceperint,
904 2127 906 2132 ·
922 2079 1067 2177 eousque.
1089 2096 1209 2159 tandem
1240 2094 1409 2158 comminuti

233 2203 265 2261 ιι
291 2201 407 2264 detrusi
436 2201 522 2278 sunt,
555 2201 690 2280 atquae
713 2215 815 2259 eorum
838 2201 1002 2277 supersunt
1023 2180 1186 2282 reliquiae,
1205 2201 1313 2261 testes
1337 2202 1405 2259 tan-

233 2302 382 2364 tummodo
404 2301 569 2362 'videantur
592 2299 719 2360 excisae
750 2299 985 2378 et·deperditae
1008 2303 1112 2377 gentis
1130 2295 1174 2384 ⁴);
1215 2299 1317 2378 lustas
1337 2298 1407 2360 lue-

220 2405 456 2484 rumpemus,
481 2401 561 2492 quod
584 2403 706 2463 erecto
729 2399 883 2462 doetrinae
907 2403 1051 2483 vitaeque
1073 2405 1190 2480 tramite
1211 2402 1408 2464 declinarant.

230 2505 349 2588 Quanta
376 2505 468 2578 luerit
495 2509 632 2584 ternpore
660 2500 781 2564 loannis
809 2502 954 2582 Scribae,
981 2502 1180 2565 lacebiterum
1203 2503 1406 2584 patriarchae,

231 2605 277 2688 (a.
311 2603 424 2690 1208.)
455 2604 627 2688 praesidum
658 2605 908 2667 monasteriorum
940 2607 1096 2667 temeritas
1125 2607 1158 2666 et
1187 2607 1332 2686 audacie,
1365 2624 1406 2667 ex

230 2707 358 2770 historia
386 2708 537 2794 Simeonis
565 2704 705 2789 (Assem
736 2704 776 2766 11.
807 2726 840 2786 p.
870 2703 963 2789 234.)
993 2707 1100 2774 videre
1127 2708 1211 2774 licet.
1254 2709 1406 2790 Tempore

231 2809 361 2871 'limeris
392 2806 524 2894 (1496.)
556 2807 732 2876 coenobium
764 2807 943 2871 ditissimum
974 2807 1042 2871 liter
1068 2789 1207 2872 Ananiae
1237 2812 1406 2876 calernitate

334 3105 364 3172 1)
390 3103 450 3156 Non
466 3099 561 3180 'inepte
585 3105 751 3160 Wisemanus
768 3105 899 3176 ιιιιίἰιιι,
925 3085 1157 3157 Ber-hebraeum
1182 3083 1337 3160 Psalterium
1356 3123 1403 3174 po-

229 3189 363 3256 lyglottom
387 3185 524 3240 habuisse.
569 3187 607 3242 lle
626 3188 759 3242 l'sulterio
778 3188 935 3258 quintuplici
953 3185 1014 3240 vide
1033 3187 1174 3243 blanchini
1191 3185 1292 3262 Erung.
1313 3191 1403 3261 quadr.

101 3320 102 3323 ,
222 3271 260 3324 ιι.
279 3285 341 3340 pag.
359 3269 448 3326 nutv.

265 3389 271 3400 '
330 3385 362 3454 2)
378 3384 481 3438 Assem.
500 3384 533 3438 ll.
552 3403 576 3454 p.
595 3390 655 3443 260.
674 3374 715 3457 sq.
780 3372 787 3382 ⁸

330 3499 362 3569 3)
384 3499 605 3555 Bar-Hebraeus
628 3503 705 3554 tostis
731 3507 784 3566 est,
810 3499 949 3552 historiam
972 3497 1048 3552 libris
1074 3501 1163 3556 multis
1180 3507 1323 3555 ‘tractatum
1342 3519 1399 3557 esse

227 3585 271 3638 ab·
285 3585 422 3641 iacebitis.
465 3585 656 3640 Chronieorum
674 3600 785 3656 magnus
804 3589 863 3639 erut
876 3583 1017 3645 humerus,
1044 3587 1156 3654 quorum
1174 3587 1303 3656 quaedam
1323 3590 1348 3639 in
1367 3588 1398 3639 li-

223 3671 283 3745 bris
303 3669 370 3726 bles.
396 3670 484 3726 adhuc
508 3675 693 3742 reperiuntur,
724 3669 793 3724 unde
818 3669 926 3722 multum
947 3666 982 3718 ad
998 3665 1138 3724 historiam
1156 3670 1238 3726 Asiae
1257 3671 1399 3740 explanan-

226 3755 294 3824 dam
311 3757 429 3810 conlerri
450 3763 548 3827 potest
590 3757 644 3812 Sed
667 3759 779 3810 maxime
805 3752 928 3818 Petrum,
952 3751 1097 3807 Doctorum
1124 3761 1150 3810 ιι
1168 3754 1317 3826 Martyrum
1335 3758 1398 3808 actis

152 3832 155 3840 “
226 3837 427 3894 delectabantur
458 3841 535 3912 Syri,
568 3857 679 3914 quorum
707 3843 824 3912 quinque
855 3852 947 3908 supra·
967 3843 1071 3896 centum
1102 3845 1128 3892 ιι
1161 3833 1398 3910 viginti'numerut

223 3919 455 3978 Bar-Hebraeus.

328 4019 360 4088 4)
378 4020 417 4076 ιιι
434 4021 795 4092 lacebitar'um'patriercha
818 4037 903 4093 prope
923 4019 1038 4076 Marden
1063 4019 1173 4074 sedente
1191 4024 1220 4074 in
1238 4023 1397 4075 monasterio

129 4105 132 4109 '
223 4101 428 4172 Zapharanensi
455 4112 481 4160 et
506 4108 538 4162 de
564 4107 743 4163 lucebitarum
767 4108 839 4162 cultu
867 4107 1013 4184 ‹lirinoch
1031 4104 1232 4175 buchingham,
1257 4105 1353 4160 licisen
1371 4108 1396 4156 in

189 4182 193 4189 '
221 4182 436 4258 Mesopotamien
459 4191 566 4259 (Berlin
590 4193 681 4261 1828.)
705 4209 730 4261 p.
753 4195 814 4247 225.
834 4207 874 4261 sq.
916 4190 1023 4262 Lingua
1048 4189 1161 4260 Syriaca
1185 4193 1213 4244 in
1232 4190 1305 4243 cultu
1323 4204 1397 4242 suero

220 4267 378 4340 adhibetur,
409 4275 535 4344 aplcbir
560 4283 640 4348 captu
664 4279 762 4332 aliena.
798 4274 890 4331 Eidem
914 4282 1049 4332 ostensum
1068 4281 1109 4330 est
1125 4275 1261 4344 exemplar
1277 4271 1397 4341 Evange-

219 4351 315 4408 liorum
335 4361 566 4426 pretiosissimum.
895 4345 901 4358 ’
